%Textbooks
@book{Griffiths,
	author = {D. J. Griffiths},
	title = "{Introduction to elementary particles; 2nd rev. version}",
	year= {2008},
}
@book{Perkins,
	author = {D. H. Perkins},
	title = "{Introduction to high energy physics}",
	year= {1982},
}
@online{SMParticle,
	author = {Particle Data Group},
	title = {Elementary particles included in the Standard Model}
}

@article{Englert,
	author = {Englert, F.; Brout, R.},
	title = {Broken Symmetry and the Mass of Gauge Vector Mesons},
	journal = {Physical Review Letters},
	year = {1964},
	doi            = "10.1103/PhysRevLett.13.321"
}
@article{Higgs,
	author = { Higgs, P.},
	title = {Broken Symmetries and the Masses of Gauge Bosons},
	journal = {Physical Review Letters},
	year = {1964},
	doi            = "10.1103/PhysRevLett.13.508"
}
@article{Hagen,
	author = { Guralnik, G.; Hagen, C. R.; Kibble, T. W. B.},
	title = {Global Conservation Laws and Massless Particles},
	journal = {Physical Review Letters},
	year = {1964},
	doi            = "10.1103/PhysRevLett.13.585"
}
@article{WILLIAMS201582,
	author = "P Williams",
	title = "Naturalness, the autonomy of scales, and the 125GeV Higgs",
	journal = "Studies in History and Philosophy of Science Part B: Studies in History and Philosophy of Modern Physics",
	year = "2015",
	doi = "10.1016/j.shpsb.2015.05.003",
}
@article{BenA,
	author = "B.C. Allanach",
	title = "Beyond the Standard Model Lectures",
    archivePrefix = {arXiv},
    eprint = {1609.02015},
    primaryClass = {hep-ph},
}
@article{NWAInterference,
	author = "Elina Fuchs, Silja Thewes, Georg Weiglein",
	title = "Interference effects in BSM processes with a generalised narrow-width approximation
	archivePrefix = {arXiv},
	eprint = {1411.4652},
	primaryClass = {hep-ph},
}
@inproceedings{Plehn:2008zs,
	author         = "Plehn, Tilman",
	title          = "{LHC Phenomenology for Physics Hunters}",
	booktitle      = "{Proceedings of Theoretical Advanced Study Institute in
	Elementary Particle Physics on The dawn of the LHC era
	(TASI 2008): Boulder, USA, June 2-27, 2008}",
	year           = "2010",
	pages          = "125-180",
	doi            = "10.1142/9789812838360_0003",
	eprint         = "0810.2281",
	archivePrefix  = "arXiv",
	primaryClass   = "hep-ph",
	SLACcitation   = "%%CITATION = ARXIV:0810.2281;%%"
}
@article{SuperK,
	author = "Hayakawa, T.; Ichihara, E.; Inoue, K.; Ishihara, K.; Ishino, H.; et al.",
	title = "Measurements of the Solar Neutrino Flux from Super-Kamiokande's First 300 Days"
	journal = "Physical Review Letters"
	year = "1998"
	doi = "10.1103/PhysRevLett.81.1158"
} 
@article{Aad:2019xxo,
	author         = "Aad, Georges and others",
	title          = "{Search for the electroweak diboson production in
	association with a high-mass dijet system in semileptonic
	final states in $pp$ collisions at $\sqrt{s}=13$ TeV with
	the ATLAS detector}",
	collaboration  = "ATLAS",
	year           = "2019",
	eprint         = "1905.07714",
	archivePrefix  = "arXiv",
	primaryClass   = "hep-ex",
	reportNumber   = "CERN-EP-2019-072",
	SLACcitation   = "%%CITATION = ARXIV:1905.07714;%%"
}
@techreport{Aleksa:1602230,
	author        = "Aleksa, M (CERN) and Cleland, W (Pittsburgh) and Enari, Y
	(Tokyo) and Fincke-Keeler, M (Victoria) and Hervas, L
	(CERN) and Lanni, F (BNL) and Majewski, S (Oregon) and
	Marino, C (Victoria) and Wingerter-Seez, I (LAPP)",
	title         = "{ATLAS Liquid Argon Calorimeter Phase-I Upgrade Technical
	Design Report}",
	number        = "CERN-LHCC-2013-017. ATLAS-TDR-022",
	month         = "Sep",
	year          = "2013",
	reportNumber  = "CERN-LHCC-2013-017",
	url           = "http://cds.cern.ch/record/1602230",
	note          = "Final version presented to December 2013 LHCC.",
}
@article{Tang:2018npb,
	author         = "Tang, S. and Begel, M. and Chen, H. and Chen, K. and
	Lanni, F. and Takai, H. and Wu, W.",
	title          = "{The implementation of Global Feature EXtractor (gFEX) -
	the ATLAS Calorimeter Level 1 Trigger system for LHC Run-3
	upgrade}",
	journal        = "JINST",
	volume         = "13",
	year           = "2018",
	number         = "07",
	pages          = "P07010",
	doi            = "10.1088/1748-0221/13/07/P07010",
	SLACcitation   = "%%CITATION = JINST,13,P07010;%%"
}
@article{Buckley:2015tjh,
	author         = "Buckley, A. and Eifert, T. and Elsing, M. and Gillberg,
	D. and Koeneke, K. and Krasznahorkay, A. and Moyse, E. and
	Nowak, M. and Snyder, S. and van Gemmeren, P.",
	title          = "{Implementation of the ATLAS Run 2 event data model}",
	booktitle      = "{Proceedings, 21st International Conference on Computing
	in High Energy and Nuclear Physics (CHEP 2015): Okinawa,
	Japan, April 13-17, 2015}",
	journal        = "J. Phys. Conf. Ser.",
	volume         = "664",
	year           = "2015",
	number         = "7",
	pages          = "072045",
	doi            = "10.1088/1742-6596/664/7/072045",
	reportNumber   = "ATL-SOFT-PROC-2015-003",
	SLACcitation   = "%%CITATION = 00462,664,072045;%%"
}
@article{Calafiura:2003gf,
	author         = "Calafiura, P. and Leggett, C. G. and Quarrie, D. R. and
	Ma, H. and Rajagopalan, S.",
	title          = "{The StoreGate: A Data model for the Atlas software
	architecture}",
	booktitle      = "{Proceedings, 13th International Conference on Computing
	in High-Enery and Nuclear Physics (CHEP 2003): La Jolla,
	California, March 24-28, 2003}",
	journal        = "eConf",
	volume         = "C0303241",
	year           = "2003",
	pages          = "MOJT008",
	eprint         = "cs/0306089",
	archivePrefix  = "arXiv",
	primaryClass   = "cs-se",
	reportNumber   = "CHEP-2003-MOJT008, ATL-SOFT-2003-009",
	SLACcitation   = "%%CITATION = CS/0306089;%%"
}
@article{Arnault:2003pa,
	author         = "Arnault, C. and Schaffer, A.",
	title          = "{Use of a generic identification scheme connecting events
	and detector description in the ATLAS experiment}",
	booktitle      = "{Proceedings, 13th International Conference on Computing
	in High-Enery and Nuclear Physics (CHEP 2003): La Jolla,
	California, March 24-28, 2003}",
	journal        = "eConf",
	volume         = "C0303241",
	year           = "2003",
	pages          = "THJT008",
	eprint         = "physics/0306141",
	archivePrefix  = "arXiv",
	primaryClass   = "physics",
	reportNumber   = "CHEP-2003-THJT008",
	SLACcitation   = "%%CITATION = PHYSICS/0306141;%%"
}
@techreport{Tang:2289434,
	author        = "Tang, Shaochun and Begel, Michael and Chen, Hucheng and
	Chen, Kai and Lanni, Francesco and Takai, Helio and Wu,
	Weihao",
	title         = "{The development of Global Feature eXtractor (gFEX) - the
	ATLAS calorimeter Level 1 trigger for ATLAS at High
	Luminosity LHC}",
	institution   = "CERN",
	collaboration = "ATLAS Collaboration",
	address       = "Geneva",
	number        = "ATL-DAQ-PROC-2017-035",
	month         = "Oct",
	year          = "2017",
	reportNumber  = "ATL-DAQ-PROC-2017-035",
	url           = "https://cds.cern.ch/record/2289434",
	doi           = "10.22323/1.313.0146",
}
@techreport{Schaffer:684167,
	author        = "Schaffer, RD and Bentvelsen, Stanislaus Cornelius Maria",
	title         = "{Definition of Offline Readout Identifiers for the ATLAS
	detector}",
	institution   = "CERN",
	address       = "Geneva",
	number        = "ATL-SOFT-2001-004",
	month         = "Feb",
	year          = "2001",
	reportNumber  = "ATL-SOFT-2001-004",
	url           = "http://cds.cern.ch/record/684167",
	note          = "revised version number 1 submitted on 2001-05-28 13:21:00",
}
@article{Mato:2010zz,
	author         = "Mato, Pere and Smith, Eoin",
	title          = "{User-friendly parallelization of GAUDI applications with
	python}",
	booktitle      = "{Proceedings, 17th International Conference on Computing
	in High Energy and Nuclear Physics (CHEP 2009): Prague,
	Czech Republic, March 21-27, 2009}",
	journal        = "J. Phys. Conf. Ser.",
	volume         = "219",
	year           = "2010",
	pages          = "042015",
	doi            = "10.1088/1742-6596/219/4/042015",
	SLACcitation   = "%%CITATION = 00462,219,042015;%%"
}
@techreport{Aad:1602235,
	author        = "ATLAS collaboration"
	      title         = "{Technical Design Report for the Phase-I Upgrade of the
	ATLAS TDAQ System}",
	collaboration = "ATLAS Collaboration",
	number        = "CERN-LHCC-2013-018. ATLAS-TDR-023",
	month         = "Sep",
	year          = "2013",
	reportNumber  = "CERN-LHCC-2013-018",
	url           = "http://cds.cern.ch/record/1602235",
	note          = "Final version presented to December 2013 LHCC.",
}
@article{Aaboud:2016leb,
	author         = "Aaboud, Morad and others",
	title          = "{Performance of the ATLAS Trigger System in 2015}",
	collaboration  = "ATLAS",
	journal        = "Eur. Phys. J.",
	volume         = "C77",
	year           = "2017",
	number         = "5",
	pages          = "317",
	doi            = "10.1140/epjc/s10052-017-4852-3",
	eprint         = "1611.09661",
	archivePrefix  = "arXiv",
	primaryClass   = "hep-ex",
	reportNumber   = "CERN-EP-2016-241",
	SLACcitation   = "%%CITATION = ARXIV:1611.09661;%%"
}
@article{Toifl:1999qv,
	author         = "Toifl, T. and Moreira, P. and Marchioro, A. and Vari, R.",
	title          = "{4-channel rad hard delay generation ASIC with 1ns timing
	resolution for LHC}",
	booktitle      = "{Proceedings, Nuclear Science and Medical Imaging
	Symposium and Conference (NSS/MIC 1998): Toronto, Canada,
	November 8-14, 1998}",
	journal        = "IEEE Trans. Nucl. Sci.",
	volume         = "46",
	year           = "1999",
	pages          = "139-143",
	doi            = "10.1109/23.775503",
	SLACcitation   = "%%CITATION = IETNA,46,139;%%"
}
@techreport{Jongmanns:2661780,
	author        = "Jongmanns, Jan and Wessels, Martin",
	title         = "{Performance of the upgraded PreProcessor of the ATLAS
	Level-1 Calorimeter Trigger}",
	institution   = "CERN",
	address       = "Geneva",
	number        = "ATL-COM-DAQ-2019-035",
	month         = "Feb",
	year          = "2019",
	reportNumber  = "ATL-COM-DAQ-2019-035",
	url           = "https://cds.cern.ch/record/2661780",
}
@techreport{Aleksa:1602230,
	author        = "Aleksa, M (CERN) and Cleland, W (Pittsburgh) and Enari, Y
	(Tokyo) and Fincke-Keeler, M (Victoria) and Hervas, L
	(CERN) and Lanni, F (BNL) and Majewski, S (Oregon) and
	Marino, C (Victoria) and Wingerter-Seez, I (LAPP)",
	title         = "{ATLAS Liquid Argon Calorimeter Phase-I Upgrade Technical
	Design Report}",
	number        = "CERN-LHCC-2013-017. ATLAS-TDR-022",
	month         = "Sep",
	year          = "2013",
	reportNumber  = "CERN-LHCC-2013-017",
	url           = "https://cds.cern.ch/record/1602230",
	note          = "Final version presented to December 2013 LHCC.",
}
@article{STELZER20161160,
	title = "The New Small Wheel Upgrade Project of the ATLAS Experiment",
	journal = "Nuclear and Particle Physics Proceedings",
	volume = "273-275",
	pages = "1160 - 1165",
	year = "2016",
	note = "37th International Conference on High Energy Physics (ICHEP)",
	issn = "2405-6014",
	doi = "https://doi.org/10.1016/j.nuclphysbps.2015.09.182",
	url = "http://www.sciencedirect.com/science/article/pii/S2405601415006719",
	author = "Bernd Stelzer",
	keywords = "LHC, ATLAS Upgrade, Muon Spectrometer, Gaseous Detectors, TGC, Micromegas, Tracking, Trigger",

}
@book{LHC,
	author        = "Brüning, Oliver Sim and Collier, Paul and Lebrun, P and
	Myers, Stephen and Ostojic, Ranko and Poole, John and
	Proudlock, Paul",
	title         = "{LHC Design Report}",
	publisher     = "CERN",
	address       = "Geneva",
	series        = "CERN Yellow Reports: Monographs",
	year          = "2004",
	url           = "http://cds.cern.ch/record/782076",
	doi           = "10.5170/CERN-2004-003-V-1",
}
@online{Ionization,
	author = {CERN},
	title = {CERN Control Centre Animations 01 "The Proton source"},
	url = {https://videos.cern.ch/record/1750714},
	doi = "10.17181/cds.1750714" 
}
@article{minuit,
	author = {F. James},
	title = {MINUIT Tutorial on Function Minimization},
	year = {1972}
}
@article{Moneta:2010pm,
	author         = "Moneta, Lorenzo and Belasco, Kevin and Cranmer, Kyle S.
	and Kreiss, S. and Lazzaro, Alfio and Piparo, Danilo and
	Schott, Gregory and Verkerke, Wouter and Wolf, Matthias",
	title          = "{The RooStats Project}",
	booktitle      = "{Proceedings, 13th International Workshop on Advanced
	computing and analysis techniques in physics research
	(ACAT2010): Jaipur, India, February 22-27, 2010}",
	journal        = "PoS",
	volume         = "ACAT2010",
	year           = "2010",
	pages          = "057",
	doi            = "10.22323/1.093.0057",
	eprint         = "1009.1003",
	archivePrefix  = "arXiv",
	primaryClass   = "physics.data-an",
	SLACcitation   = "%%CITATION = ARXIV:1009.1003;%%"
}
@article{Hocker:2007ht,
	author         = "Hocker, Andreas and others",
	title          = "{TMVA - Toolkit for Multivariate Data Analysis}",
	year           = "2007",
	eprint         = "physics/0703039",
	archivePrefix  = "arXiv",
	primaryClass   = "physics.data-an",
	reportNumber   = "CERN-OPEN-2007-007",
	SLACcitation   = "%%CITATION = PHYSICS/0703039;%%"
}
@article{Eboli:2000ad,
	author         = "Eboli, Oscar J. P. and Gonzalez-Garcia, M. C. and Lietti,
	S. M. and Novaes, S. F.",
	title          = "{Anomalous quartic gauge boson couplings at hadron
	colliders}",
	journal        = "Phys. Rev.",
	volume         = "D63",
	year           = "2001",
	pages          = "075008",
	doi            = "10.1103/PhysRevD.63.075008",
	eprint         = "hep-ph/0009262",
	archivePrefix  = "arXiv",
	primaryClass   = "hep-ph",
	reportNumber   = "IFT-P-080-2000, IFIC-00-52",
	SLACcitation   = "%%CITATION = HEP-PH/0009262;%%"
}
@article{Mobs:2197559,
	author        = "Mobs, Esma",
	title         = "{The CERN accelerator complex. Complexe des
	accélérateurs du CERN}",
	month         = "Jul",
	year          = "2016",
	reportNumber  = "OPEN-PHO-ACCEL-2016-009",
	url           = "https://cds.cern.ch/record/2197559",
	note          = "General Photo",
}
@article{Radiofrequency:1997424,
	title         = "{Radiofrequency cavities}",
	month         = "Sep",
	year          = "2012",
	url           = "https://cds.cern.ch/record/1997424",
}
@techreport{Baird:1017689,
	author        = "Baird, S",
	title         = "{Accelerators for pedestrians; rev. version}",
	institution   = "CERN",
	address       = "Geneva",
	number        = "AB-Note-2007-014. CERN-AB-Note-2007-014.
	PS-OP-Note-95-17-Rev-2. CERN-PS-OP-Note-95-17-Rev-2",
	month         = "Feb",
	year          = "2007",
	reportNumber  = "AB-Note-2007-014",
	url           = "http://cds.cern.ch/record/1017689",
}
@book{Airapetian:391176,
	author        = "",
	authortype = "ATLAS",
	title         = "{ATLAS detector and physics performance: Technical Design
	Report, 1}",
	publisher     = "CERN",
	authortype = "ATLAS Collaboration",
	address       = "Geneva",
	series        = "Technical Design Report ATLAS",
	year          = "1999",
	reportNumber  = "CERN-LHCC-99-014",
	url           = "https://cds.cern.ch/record/391176",
}
@article{Collaboration_2008,
	doi = {10.1088/1748-0221/3/08/s08003},
	url = {https://doi.org/10.1088%2F1748-0221%2F3%2F08%2Fs08003},
	year = 2008,
	month = {aug},
	publisher = {{IOP} Publishing},
	volume = {3},
	number = {08},
	pages = {S08003--S08003},
	author = {The ATLAS Collaboration},
	title = {The {ATLAS} Experiment at the {CERN} Large Hadron Collider},
	journal = {Journal of Instrumentation},
	abstract = {The ATLAS detector as installed in its experimental cavern
	at point 1 at CERN is described in this paper. A brief overview of
	the expected performance of the detector when the Large Hadron
	Collider begins operation is also presented.}
}

@online{pseudorapidity_wiki,
	author = {JabberWok},
	title = {Pseudorapidity2.png},
	date = {16 May 2007},
	url = {https://en.wikipedia.org/wiki/Pseudorapidity#/media/File:Pseudorapidity2.png},
}
@online{ckm_timothy,
	author = {TimothyRias},
	title = {Quark weak interactions.svg},
	date = {2009-07-29},
	url = {https://en.wikipedia.org/wiki/Cabibbo%E2%80%93Kobayashi%E2%80%93Maskawa_matrix#/media/File:Quark_weak_interactions.svg},
}
@article{Miucci_2014,
	doi = {10.1088/1748-0221/9/02/c02018},
	url = {https://doi.org/10.1088%2F1748-0221%2F9%2F02%2Fc02018},
	year = 2014,
	month = {feb},
	publisher = {{IOP} Publishing},
	volume = {9},
	number = {02},
	pages = {C02018--C02018},
	author = {A Miucci},
	title = {The {ATLAS} Insertable B-Layer project},
	journal = {Journal of Instrumentation},
}
@book{magnets,
	author = {Thomas Schörner-Sadenius et al.},
	title = {The Large Hadron Collider:Harvest of Run 1},
    doi = {10.1007/978-3-319-15001-7}
}
@article{Aleksa_2008,
	doi = {10.1088/1748-0221/3/04/p04003},
	url = {https://doi.org/10.1088%2F1748-0221%2F3%2F04%2Fp04003},
	year = 2008,
	month = {apr},
	publisher = {{IOP} Publishing},
	volume = {3},
	number = {04},
	pages = {P04003--P04003},
	author = {M Aleksa and F Bergsma and P -A Giudici and A Kehrli and M Losasso and X Pons and H Sandaker and P S Miyagawa and S W Snow and J C Hart and L Chevalier},
	title = {Measurement of the {ATLAS} solenoid magnetic field},
	journal = {Journal of Instrumentation},
}
% ICHEP 2016 support note

@Article{ichep2016supportnote,
      author = "",
      authortype = "ATLAS",
      title         = "{$WW/WZ$ resonance search in the $\ell\nu qq$ final state at
                       $\sqrt{s}$ = 13 TeV with the ATLAS detector at the LHC}",
      journal        = "ATL-COM-PHYS-2016-476",
     volume    = "",
      year        = "2016",
     pages     = "",
      url           = "http://cds.cern.ch/record/2151836",
}
@techreport{Collaboration:2285585,
	author        = "Collaboration, ATLAS",
	title         = "{Technical Design Report for the ATLAS Inner Tracker Pixel
	Detector}",
	institution   = "CERN",
	address       = "Geneva",
	number        = "CERN-LHCC-2017-021. ATLAS-TDR-030",
	month         = "Sep",
	year          = "2017",
	reportNumber  = "CERN-LHCC-2017-021",
	url           = "https://cds.cern.ch/record/2285585",
}
@book{CERN-LHCC-97-016,
	title         = "{ATLAS inner detector: Technical Design Report, 1}",
	publisher     = "CERN",
	authortype = "ATLAS Collaboration",
	address       = "Geneva",
	series        = "Technical Design Report ATLAS",
	year          = "1997",
	reportNumber  = "CERN-LHCC-97-016",
	url           = "https://cds.cern.ch/record/331063",
}
@techreport{Mindur:2139567,
	author        = "Mindur, Bartosz",
	title         = "{ATLAS Transition Radiation Tracker (TRT): Straw tubes for
	tracking and particle identification at the Large Hadron
	Collider}",
	institution   = "CERN",
	address       = "Geneva",
	number        = "ATL-INDET-PROC-2016-001",
	month         = "Mar",
	year          = "2016",
	reportNumber  = "ATL-INDET-PROC-2016-001",
	url           = "https://cds.cern.ch/record/2139567",
	doi           = "10.1016/j.nima.2016.04.026",
}

@article{LArwork,
	author         = "Paolo Iengo",
	title          = "{The ATLAS Calorimeters}",
}
@article{ATLAS:1996ab,
	title          = "{ATLAS liquid argon calorimeter: Technical design
	report}",
	authortype  = "ATLAS",
	year           = "1996",
	reportNumber   = "CERN-LHCC-96-41",
	SLACcitation   = "%%CITATION = CERN-LHCC-96-41;%%"
}

@article{Artamonov_2008,
	doi = {10.1088/1748-0221/3/02/p02010},
	url = {https://doi.org/10.1088%2F1748-0221%2F3%2F02%2Fp02010},
	year = 2008,
	month = {feb},
	publisher = {{IOP} Publishing},
	volume = {3},
	number = {02},
	pages = {P02010--P02010},
	author = {A Artamonov and D Bailey and G Belanger and M Cadabeschi and T -Y Chen and V Epshteyn and P Gorbounov and K K Joo and M Khakzad and V Khovanskiy and P Krieger and P Loch and J Mayer and E Neuheimer and F G Oakham and M O Neill and R S Orr and M Qi and J Rutherfoord and A Savine and M Schram and P Shatalov and L Shaver and M Shupe and G Stairs and V Strickland and D Tompkins and I Tsukerman and K Vincent},
	title = {The {ATLAS} Forward Calorimeter},
	journal = {Journal of Instrumentation},
}

@thesis{MS_all,
	author = {Jochem Snuverink},
	title = {THE ATLAS MUON SPECTROMETER:COMMISSIONING AND TRACKING},
	institution = {University ofTwente},
	year = {2009},
    doi = {10.3990/1.9789036529129}
}

@article{trigger_str,
	authortype = {ATLAS},
	title = "{ATLAS trigger system meets the challenges of Run 2}",
	url = "https://ep-news.web.cern.ch/content/atlas-trigger-system-meets-challenges-run-2"
}
% 2016 summer CONF

@Article{ATLAS-CONF-2016-062,
     author    = "",
     authortype = "ATLAS",
     title     = "{Search for diboson resonance production in the $\ell\nu qq$ final state at $\sqrt{s}=13\,$TeV with the ATLAS
                       detector at the LHC}",
     journal   = "ATLAS-CONF-2016-062",
     volume    = "",
     year      = "2016",
     pages     = "",
     url           = "https://cds.cern.ch/record/2206199"
}
% 2015 CONF

@Article{ATLAS-CONF-2015-075,
      title         = "{Search for $WW/WZ$ resonance production in the $\ell\nu qq$ final state at $\sqrt{s}=13\,$TeV with the ATLAS
                       detector at the LHC}",
      authortype = "ATLAS",
      journal        = "ATLAS-CONF-2015-075",
      year          = "2015",
      url           = "https://cds.cern.ch/record/2114847",
}
@article{deBlas:2012qp,
	author         = "de Blas, J. and Lizana, J. M. and Perez-Victoria, M.",
	title          = "{Combining searches of Z' and W' bosons}",
	journal        = "JHEP",
	volume         = "01",
	year           = "2013",
	pages          = "166",
	doi            = "10.1007/JHEP01(2013)166",
	eprint         = "1211.2229",
	archivePrefix  = "arXiv",
	primaryClass   = "hep-ph",
	SLACcitation   = "%%CITATION = ARXIV:1211.2229;%%"
}
@techreport{Pontecorvo:2638061,
	author        = "Pontecorvo, L",
	title         = "{Status of the Experiment: Detector and Phase-II}",
	institution   = "CERN",
	address       = "Geneva",
	number        = "CERN-RRB-2018-075",
	month         = "Sep",
	year          = "2018",
	reportNumber  = "CERN-RRB-2018-075",
	url           = "https://cds.cern.ch/record/2638061",
}

@article{Aaboud:2017all,
	author         = "Aaboud, M. and others",
	title          = "{Performance of the ATLAS Track Reconstruction Algorithms
	in Dense Environments in LHC Run 2}",
	authortype  = "ATLAS",
	journal        = "Eur. Phys. J.",
	volume         = "C77",
	year           = "2017",
	number         = "10",
	pages          = "673",
	doi            = "10.1140/epjc/s10052-017-5225-7",
	eprint         = "1704.07983",
	archivePrefix  = "arXiv",
	primaryClass   = "hep-ex",
	reportNumber   = "CERN-EP-2017-045",
	SLACcitation   = "%%CITATION = ARXIV:1704.07983;%%"
}
@article{Cornelissen:2008zza,
	author         = "Cornelissen, Thijs G. and Elsing, M. and Gavrilenko, I.
	and Laporte, J. F. and Liebig, W. and Limper, M. and
	Nikolopoulos, K. and Poppleton, A. and Salzburger, A.",
	title          = "{The global chi**2 track fitter in ATLAS}",
	booktitle      = "{Proceedings, 16th International Conference on Computing
	in High Energy and Nuclear Physics (CHEP 2007): Victoria,
	Canada, September 2-7, 2007}",
	journal        = "J. Phys. Conf. Ser.",
	volume         = "119",
	year           = "2008",
	pages          = "032013",
	doi            = "10.1088/1742-6596/119/3/032013",
	SLACcitation   = "%%CITATION = 00462,119,032013;%%"
}
@techreport{Herde:2059849,
	author        = "Herde, Hannah",
	title         = "{Muon reconstruction performance in ATLAS at Run-II}",
	institution   = "CERN",
	address       = "Geneva",
	number        = "ATL-PHYS-PROC-2015-121",
	month         = "Oct",
	year          = "2015",
	reportNumber  = "ATL-PHYS-PROC-2015-121",
	url           = "https://cds.cern.ch/record/2059849",
}
@techreport{Barillari:1112035,
	author        = "Barillari, T and Bergeaas Kuutmann, E and Carli, T and
	Erdmann, J and Giovannini, P and Grahn, K J and Issever, C
	and Jantsch, A and Kiryunin, A and Lohwasser, K and
	Maslennikov, A and Menke, S and Oberlack, H and Pospelov, G
	and Rauter, E and Schacht, P and Spanó, F and Speckmayer,
	P and Stavina, P and Strízenec, P",
	title         = "{Local Hadronic Calibration}",
	institution   = "CERN",
	address       = "Geneva",
	number        = "ATL-LARG-PUB-2009-001-2. ATL-COM-LARG-2008-006.
	ATL-LARG-PUB-2009-001",
	month         = "Jun",
	year          = "2008",
	reportNumber  = "ATL-LARG-PUB-2009-001-2",
	url           = "https://cds.cern.ch/record/1112035",
	note          = "Due to a report-number conflict with another document, the
	report-number ATL-LARG-PUB-2009-001-2 has been assigned.",
}

@article{Atkin:2015msa,
	author         = "Atkin, Ryan",
	title          = "{Review of jet reconstruction algorithms}",
	booktitle      = "{Proceedings, Workshop on High Energy Particle Physics
	(HEPPW2015): Johannesburg, South Africa, February 11-13,
	2015}",
	journal        = "J. Phys. Conf. Ser.",
	volume         = "645",
	year           = "2015",
	number         = "1",
	pages          = "012008",
	doi            = "10.1088/1742-6596/645/1/012008",
	SLACcitation   = "%%CITATION = 00462,645,012008;%%"
}
% 2015 Support Note
      %author        = "De Lorenzi et.~al., Francesco",
      
@Article{DeLorenzi:2120329,
      authortype = "ATLAS",
      title         = "{$WW/WZ$ resonance search in the $\ell\nu qq$ final state at
                       $\sqrt{s}$ = 13 TeV with the ATLAS detector at the LHC}",
      journal        = "ATL-COM-PHYS-2016-022",
      year        = "2016",
      url           = "https://cds.cern.ch/record/2120329",
}


@article{deBlas:2012qp,
     author         = "de Blas, J. and Lizana, J. M. and Perez-Victoria, M.",
     title          = "{Combining searches of Z' and W' bosons}",
     journal        = "JHEP",
     volume         = "01",
     year           = "2013",
     pages          = "166",
     doi            = "10.1007/JHEP01(2013)166",
     eprint         = "1211.2229",
     archivePrefix  = "arXiv",
     primaryClass   = "hep-ph",
     SLACcitation   = "%%CITATION = ARXIV:1211.2229;%%"
}
@article{Ball:2012cx,
	author         = "Ball, Richard D. and others",
	title          = "{Parton distributions with LHC data}",
	journal        = "Nucl. Phys.",
	volume         = "B867",
	year           = "2013",
	pages          = "244-289",
	doi            = "10.1016/j.nuclphysb.2012.10.003",
	eprint         = "1207.1303",
	archivePrefix  = "arXiv",
	primaryClass   = "hep-ph",
	reportNumber   = "EDINBURGH-2012-08, IFUM-FT-997, FR-PHENO-2012-014,
	RWTH-TTK-12-25, CERN-PH-TH-2012-037, SFB-CPP-12-47",
	SLACcitation   = "%%CITATION = ARXIV:1207.1303;%%"
}
% SM VH CONF note
@Article{ATLAS-CONF-2016-091,
      title         = "{Search for the Standard Model Higgs boson produced in
                       association with a vector boson and decaying to a
                       $b\bar{b}$ pair in $pp$ collisions at 13 TeV using the
                       ATLAS detector}",
      authortype = "ATLAS",
      journal        = "ATLAS-CONF-2016-091",
      year          = "2016",
      url           = "https://cds.cern.ch/record/2206813",
}

@Article{Masubuchi:2150252,
      title         = "{Search for a Standard Model Higgs boson produced in
                       association with a vector boson and decaying to a pair of
                       b-quarks}",
      authortype = "ATLAS",
      journal        = "ATL-COM-PHYS-2016-429",
      year          = "2016",
      url           = "https://cds.cern.ch/record/2150252",
}

@Article{Masubuchi:2151844,
      title         = "{Object selections for analyses involving a Higgs boson
                       produced in association with a vector boson in which
                       $h\rightarrow b\bar{b}$ and $V$ decays leptonically with
                       Run-2 data collected with the ATLAS detector at $\sqrt{s} =
                       13$ TeV}",
      authortype = "ATLAS",
      journal        = "ATL-COM-PHYS-2016-480",
      year          = "2016",
      url           = "https://cds.cern.ch/record/2151844",
}
https://cds.cern.ch/record/2151844/

@Article{ATLAS-CONF-2016-035,
      title         = "{Jet mass reconstruction with the ATLAS Detector in early
                       Run 2 data}",
      collaboration = "ATLAS",
      journal        = "ATLAS-CONF-2016-035",
      year          = "2016",
      url           = "https://cds.cern.ch/record/2200211",
}

@article{Agashe:2007zd,
      author         = "Agashe, Kaustubh and Davoudiasl, Hooman and Perez, Gilad
                        and Soni, Amarjit",
      title          = "{Warped Gravitons at the LHC and Beyond}",
      journal        = "Phys. Rev.",
      volume         = "D76",
      year           = "2007",
      pages          = "036006",
      doi            = "10.1103/PhysRevD.76.036006",
      eprint         = "hep-ph/0701186",
      archivePrefix  = "arXiv",
      primaryClass   = "hep-ph",
      reportNumber   = "SU-4252-843, BNL-HET-07-3, YITP-SB-07-02",
      SLACcitation   = "%%CITATION = HEP-PH/0701186;%%"
}

@Article{VHsupportingnote1,
      author        = "ATLAS Collaboration",
      title         = "{Search for the Standard Model Higgs boson produced in
                       association with a vector boson and decaying to a
                       $b\bar{b}$ pair in $pp$ collisions at 13 TeV using the
                       ATLAS detector}",
      institution   = "CERN",
      address       = "Geneva",
      number        = "ATLAS-COM-CONF-2016-076",
      month         = "Jul",
      year          = "2016",
      reportNumber  = "ATLAS-COM-CONF-2016-076",
      url           = "https://cds.cern.ch/record/2201426",
}

@Article{VHsupportingnote2,
      author        = "ATLAS Collaboration",
      title         = "{Search for a Standard Model Higgs boson produced in
                       association with a vector boson and decaying to a pair of
                       b-quarks}",
      institution   = "CERN",
      address       = "Geneva",
      number        = "ATL-COM-PHYS-2016-429",
      month         = "May",
      year          = "2016",
      reportNumber  = "ATL-COM-PHYS-2016-429",
      url           = "https://cds.cern.ch/record/2150252",
}

@article{Larkoski:2013eya,
      author         = "Larkoski, Andrew J. and Salam, Gavin P. and Thaler,
                        Jesse",
      title          = "{Energy Correlation Functions for Jet Substructure}",
      journal        = "JHEP",
      volume         = "06",
      year           = "2013",
      pages          = "108",
      doi            = "10.1007/JHEP06(2013)108",
      eprint         = "1305.0007",
      archivePrefix  = "arXiv",
      primaryClass   = "hep-ph",
      reportNumber   = "MIT-CTP-4446, CERN-PH-TH-2013-066, LPN13-026",
      SLACcitation   = "%%CITATION = ARXIV:1305.0007;%%"
}

@article{Larkoski:2014gra,
      author         = "Larkoski, Andrew J. and Moult, Ian and Neill, Duff",
      title          = "{Power Counting to Better Jet Observables}",
      journal        = "JHEP",
      volume         = "12",
      year           = "2014",
      pages          = "009",
      doi            = "10.1007/JHEP12(2014)009",
      eprint         = "1409.6298",
      archivePrefix  = "arXiv",
      primaryClass   = "hep-ph",
      reportNumber   = "MIT--CTP-4588",
      SLACcitation   = "%%CITATION = ARXIV:1409.6298;%%"
}

@Article{2lepSupportingNote2016,
	collaboration = "ATLAS",
	title = "Search for diboson resonances in the $\ell\ell qq$ final state in $pp$
	collisions at $\sqrt{s}=13\,\TeV$ with the ATLAS detector",
	journal = "ATL-COM-PHYS-2016-470",
	year = 2016,
	url = "https://cds.cern.ch/record/2151828/files/ATL-COM-PHYS-2016-470.pdf"
}

@misc{SignalXSec,
	howpublished="",
	url="https://twiki.cern.ch/twiki/bin/view/AtlasProtected/VVVHCombRun2"
}

@misc{SmoothedWZTagger,
	howpublished="",
	url="https://twiki.cern.ch/twiki/bin/view/AtlasProtected/BoostedJetTaggingRecommendation2016#SmoothWZTaggerSection"
}

@misc{HbbFakeSummarySlides,
	howpublished="",
	url="https://indico.cern.ch/event/540849/contributions/2384317/attachments/1377393/2092144/20161123QCD.pdf"
}

@misc{track-assisted-mass,
         howpublished="",
	url="https://twiki.cern.ch/twiki/bin/view/AtlasProtected/TrackAssistedMass"
}

@misc{CxAODFramework,
         howpublished="",
	url="https://twiki.cern.ch/twiki/bin/view/AtlasProtected/CxAODFramework"
	}

@misc{JSSrecommendationMoriond2016,
	howpulished="",
	url="https://twiki.cern.ch/twiki/bin/viewauth/AtlasProtected/JetUncertainties2015Moriond2016LargeR"
}

@misc{derivation,
	howpublished="",
	url="https://twiki.cern.ch/twiki/bin/viewauth/AtlasProtected/DerivationProductionTeam"
}

@misc{METMaker,
	howpublished="",
	url="https://twiki.cern.ch/twiki/bin/view/AtlasProtected/METUtilities"
}

@techreport{CMS-PAS-EXO-15-002,
      title         = "Search for massive resonances decaying into pairs of
                       boosted W and Z bosons at $\sqrt{s} = 13\,\TeV$",
      institution   = "CERN",
      collaboration = "CMS",
      address       = "Geneva",
      number        = "CMS-PAS-EXO-15-002",
      year          = "2015",
      reportNumber  = "CMS-PAS-EXO-15-002",
      url           = "https://cds.cern.ch/record/2117062",
}

@Article{CLs_2002,
    author = "{A.L.~Read}",
    title =  "{Presentation of search results: the CL$_{s}$ technique}",
    journal = " J. Phys.",
    volume = "G28",
    year = 2002,
        pages = 2693,
        doi = "10.1088/0954-3899/28/10/313",
}
@Article {asymptotics,
     author    =  "Cowan, Glen and Cranmer, Kyle and Gross, Eilam and Vitells, Ofer",
     title     = "Asymptotic formulae for likelihood-based tests of new physics",
     journal   = "Eur. Phys. J. C",
     volume    = "71",
     year      = 2011,
     pages     = 1554,
     doi="10.1140/epjc/s10052-011-1554-0"
} 
@article{pn,
	author = {Jerzy Neyman and Egon Sharpe Pearson},
	title = {IX. On the problem of the most efficient tests of statistical hypotheses},
	journaltitle = {Phil. Trans. R. Soc. Lond. A.},
	year = {1933},
	doi = "10.1098/rsta.1933.0009"
}
@book{profile1,
    author = {Takeshi Amemiya },
    title={"Concentrated Likelihood Function"},
    ISBN = " 978-0-674-00560-0"
}
@book{teststats,
	author={Berger, R. L.; Casella, G.},
	title = {Statistical Inference, Duxbury Press, Second Edition},
	year = "2001"
}
@article{delAguila:2010mx,
	author         = "del Aguila, F. and de Blas, J. and Perez-Victoria, M.",
	title          = "{Electroweak Limits on General New Vector Bosons}",
	journal        = "JHEP",
	volume         = "09",
	year           = "2010",
	pages          = "033",
	doi            = "10.1007/JHEP09(2010)033",
	eprint         = "1005.3998",
	archivePrefix  = "arXiv",
	primaryClass   = "hep-ph",
	reportNumber   = "UG-FT-272-10, CAFPE-142-10",
	SLACcitation   = "%%CITATION = ARXIV:1005.3998;%%"
}
@article{Schael:2013ita,
	author         = "Schael, S. and others",
	title          = "{Electroweak Measurements in Electron-Positron Collisions
	at W-Boson-Pair Energies at LEP}",
	collaboration  = "ALEPH, DELPHI, L3, OPAL, LEP Electroweak",
	journal        = "Phys. Rept.",
	volume         = "532",
	year           = "2013",
	pages          = "119-244",
	doi            = "10.1016/j.physrep.2013.07.004",
	eprint         = "1302.3415",
	archivePrefix  = "arXiv",
	primaryClass   = "hep-ex",
	reportNumber   = "CERN-PH-EP-2013-022",
	SLACcitation   = "%%CITATION = ARXIV:1302.3415;%%"
}
@thesis{Schnoor:2000941,
	author        = "Schnoor, Ulrike",
	title         = "{Vector Boson Scattering and Electroweak Production of Two
	Like-Charge W Bosons and Two Jets at the Current and Future
	ATLAS Detector}",
	month         = "Nov",
	year          = "2014",
	reportNumber  = "CERN-THESIS-2014-281",
	url           = "https://cds.cern.ch/record/2000941",
	note          = "Presented 30 Jan 2015",
}
@incollection{Rindani:2009gm,
	author         = "Rindani, S. D.",
	title          = "{Strong gauge boson scattering at the LHC}",
	editor         = "Datta, Amitava and Mukhopadhyaya, Biswarup and
	Raychaudhuri, Amitava and Gupta, Alok K. and Khetrapal, C.
	L. and Padmanabhan, T. and Vijayan, M.",
	booktitle      = "Physics at the Large Hadron Collider",
	year           = "2009",
	pages          = "145-155",
	doi            = "10.1007/978-81-8489-295-6_10",
	eprint         = "0910.5068",
	archivePrefix  = "arXiv",
	primaryClass   = "hep-ph",
	SLACcitation   = "%%CITATION = ARXIV:0910.5068;%%"
}
@article{Barger:1990py,
	author         = "Barger, Vernon D. and Cheung, King-man and Han, Tao and
	Phillips, R. J. N.",
	title          = "{Strong $W^{+} W^{+}$ scattering signals at $p p$
	supercolliders}",
	journal        = "Phys. Rev.",
	volume         = "D42",
	year           = "1990",
	pages          = "3052-3077",
	doi            = "10.1103/PhysRevD.42.3052",
	reportNumber   = "MAD/PH/556",
	SLACcitation   = "%%CITATION = PHRVA,D42,3052;%%"
}
@article{PhysRevD.7.3111,
	title = {Upper Bounds on the Values of Masses in Unified Gauge Theories},
	author = {Dicus, Duane A. and Mathur, Vishnu S.},
	journal = {Phys. Rev. D},
	volume = {7},
	issue = {10},
	pages = {3111--3114},
	numpages = {0},
	year = {1973},
	month = {May},
	publisher = {American Physical Society},
	doi = {10.1103/PhysRevD.7.3111},
	url = {https://link.aps.org/doi/10.1103/PhysRevD.7.3111}
}

@article{Brass:2018hfw,
	author         = "Brass, Simon and Fleper, Christian and Kilian, Wolfgang
	and Reuter, Jürgen and Sekulla, Marco",
	title          = "{Transversal Modes and Higgs Bosons in Electroweak
	Vector-Boson Scattering at the LHC}",
	journal        = "Eur. Phys. J.",
	volume         = "C78",
	year           = "2018",
	number         = "11",
	pages          = "931",
	doi            = "10.1140/epjc/s10052-018-6398-4",
	eprint         = "1807.02512",
	archivePrefix  = "arXiv",
	primaryClass   = "hep-ph",
	reportNumber   = "SI-HEP-2018-17, DESY 18-002, SI-HEP-2018-27,
	KA-TP-14-2018, DESY-18-002, VBSCAN-PUB-03-18",
	SLACcitation   = "%%CITATION = ARXIV:1807.02512;%%"
}
@article{Olive_2016,
	doi = {10.1088/1674-1137/40/10/100001},
	url = {https://doi.org/10.1088%2F1674-1137%2F40%2F10%2F100001},
	year = 2016,
	month = {oct},
	publisher = {{IOP} Publishing},
	volume = {40},
	number = {10},
	pages = {100001},
	author = {K.A. Olive},
	title = {Review of Particle Physics},
	journal = {Chinese Physics C}
}
@article{ATLAS:2014wva,
	title          = "{First combination of Tevatron and LHC measurements of
	the top-quark mass}",
	collaboration  = "ATLAS, CDF, CMS, D0",
	year           = "2014",
	eprint         = "1403.4427",
	archivePrefix  = "arXiv",
	primaryClass   = "hep-ex",
	reportNumber   = "ATLAS-CONF-2014-008, CDF-NOTE-11071, CMS-PAS-TOP-13-014,
	D0-NOTE-6416, FERMILAB-TM-2582-E",
	SLACcitation   = "%%CITATION = ARXIV:1403.4427;%%"
}
@article{Aad:2015zhl,
	author         = "Aad, Georges and others",
	title          = "{Combined Measurement of the Higgs Boson Mass in $pp$
	Collisions at $\sqrt{s}=7$ and 8 TeV with the ATLAS and
	CMS Experiments}",
	collaboration  = "ATLAS, CMS",
	journal        = "Phys. Rev. Lett.",
	volume         = "114",
	year           = "2015",
	pages          = "191803",
	doi            = "10.1103/PhysRevLett.114.191803",
	eprint         = "1503.07589",
	archivePrefix  = "arXiv",
	primaryClass   = "hep-ex",
	reportNumber   = "ATLAS-HIGG-2014-14, CMS-HIG-14-042, CERN-PH-EP-2015-075",
	SLACcitation   = "%%CITATION = ARXIV:1503.07589;%%"
}
@book{profile2,
author={Davidson, Russell; MacKinnon, James G.},
title={"Concentrating the Loglikelihood Function"},
ISBN= "978-0-19-506011-9"
}

@Article{BosonTagPreRec,
      title         = "{Identification of boosted, hadronically-decaying $W$ and
                       $Z$ bosons in $\sqrt{s} = 13$ TeV Monte Carlo Simulations
                       for ATLAS}",
	collaboration = "ATLAS",
      institution   = "CERN",
      address       = "Geneva",
      journal        = "ATL-PHYS-PUB-2015-033",
      month         = "Aug",
      year          = "2015",
      reportNumber  = "ATL-PHYS-PUB-2015-033",
      url           = "https://cds.cern.ch/record/2041461",
}

@article{Alwall:2007fs,
      author         = "Alwall, Johan and Hoche, Stefan and Krauss, F. and
                        Lavesson, N. and Lonnblad, L. and others",
      title          = "{Comparative study of various algorithms for the merging
                        of parton showers and matrix elements in hadronic
                        collisions}",
      journal        = "Eur.Phys.J.",
      volume         = "C53",
      pages          = "473-500",
      doi            = "10.1140/epjc/s10052-007-0490-5",
      year           = "2008",
      eprint         = "0706.2569",
      archivePrefix  = "arXiv",
      primaryClass   = "hep-ph",
      reportNumber   = "SLAC-PUB-12604, CERN-PH-TH-2007-066, LU-TP-07-13,
                        KA-TP-06-2007, DCPT-07-62, IPPP-07-31",
      SLACcitation   = "%%CITATION = ARXIV:0706.2569;%%",
}



@article{Campanario:2012fk,
      author         = "Campanario, Francisco and Sapeta, Sebastian",
      title          = "{WZ production beyond NLO for high-pT observables}",
      journal        = "Phys.Lett.",
      volume         = "B718",
      pages          = "100-104",
      doi            = "10.1016/j.physletb.2012.10.013",
      year           = "2012",
      eprint         = "1209.4595",
      archivePrefix  = "arXiv",
      primaryClass   = "hep-ph",
      reportNumber   = "FTUV-12-0920, KA-TP-36-2012, LPN12-102, SFB-CPP-12-70,
                        IPPP-12-70, DCPT-12-140",
      SLACcitation   = "%%CITATION = ARXIV:1209.4595;%%",
}


@article{Greiner:2012im,
      author         = "Greiner, N. and Heinrich, G. and Mastrolia, P. and
                        Ossola, G. and Reiter, T. and others",
      title          = "{NLO QCD corrections to the production of $W^+ W^-$ plus two
                        jets at the LHC}",
      journal        = "Phys.Lett.",
      volume         = "B713",
      pages          = "277-283",
      doi            = "10.1016/j.physletb.2012.06.027",
      year           = "2012",
      eprint         = "1202.6004",
      archivePrefix  = "arXiv",
      primaryClass   = "hep-ph",
      reportNumber   = "CERN-PH-TH-2012-056, LPN12-040, MPP-2012-48",
      SLACcitation   = "%%CITATION = ARXIV:1202.6004;%%",
}


@article{Melia:2011dw,
      author         = "Melia, Tom and Melnikov, Kirill and Rontsch, Raoul and
                        Zanderighi, Giulia",
      title          = "{NLO QCD corrections for $W^+W^-$ pair production in
                        association with two jets at hadron colliders}",
      journal        = "Phys.Rev.",
      volume         = "D83",
      pages          = "114043",
      doi            = "10.1103/PhysRevD.83.114043",
      year           = "2011",
      eprint         = "1104.2327",
      archivePrefix  = "arXiv",
      primaryClass   = "hep-ph",
      SLACcitation   = "%%CITATION = ARXIV:1104.2327;%%",
}




@techreport{Anger:1561731,
      author        = "Anger, P and Axen, B and Dai, T and Gumpert, C and
                       Hasterok, C and Heinemann, B and Hurwitz, M and Ilic, N and
                       Kobel, M and Liu, J and Liu, L and Metcalfe, J and Pagan
                       Griso, S and Zhou, B and Hou, S and Pleier, M-A and
                       Schnoor, U and Searcy, J and Socher, F and Sood, A and
                       Vest, A and Xu, L and Zhu, J",
      title         = "{Same Sign $W^{\pm}W^{\pm}$ Production and Limits on
                       Anomalous Quartic Gauge Couplings}",
      institution   = "CERN",
      address       = "Geneva",
      number        = "ATL-COM-PHYS-2013-990",
      month         = "Jul",
      year          = "2013",
}

@article{Read:451614,
      author        = "Read, A L",
      title         = "{Modified frequentist analysis of search results (the
                       $CL_{s}$ method)}",
      number        = "CERN-OPEN-2000-205",
      year          = "2000",
}

@article{Junk:1999kv,
      author         = "Junk, Thomas",
      title          = "{Confidence level computation for combining searches with
                        small statistics}",
      journal        = "Nucl.Instrum.Meth.",
      volume         = "A434",
      pages          = "435-443",
      doi            = "10.1016/S0168-9002(99)00498-2",
      year           = "1999",
      eprint         = "hep-ex/9902006",
      archivePrefix  = "arXiv",
      primaryClass   = "hep-ex",
      reportNumber   = "CARLETON-OPAL-PHYS-99-01, CERN-EP-99-041",
      SLACcitation   = "%%CITATION = HEP-EX/9902006;%%",
}

@article{Chatrchyan:2014mua,
      author         = "Chatrchyan, Serguei and others",
      title          = "{Measurement of inclusive W and Z boson production cross
                        sections in pp collisions at sqrt(s) = 8 TeV}",
      collaboration  = "CMS Collaboration",
      journal        = "Phys.Rev.Lett.",
      volume         = "112",
      pages          = "191802",
      doi            = "10.1103/PhysRevLett.112.191802",
      year           = "2014",
      eprint         = "1402.0923",
      archivePrefix  = "arXiv",
      primaryClass   = "hep-ex",
      reportNumber   = "CMS-SMP-12-011, CERN-PH-EP-2013-217",
      SLACcitation   = "%%CITATION = ARXIV:1402.0923;%%",
}

@article{Dittmaier:2001ay,
	      author         = "Dittmaier, Stefan and Kramer, Michael, 1",
	      title          = "{Electroweak radiative corrections to W boson production
	                        at hadron colliders}",
	      journal        = "Phys.Rev.",
	      volume         = "D65",
	      pages          = "073007",
	      doi            = "10.1103/PhysRevD.65.073007",
	      year           = "2002",
	      eprint         = "hep-ph/0109062",
	      archivePrefix  = "arXiv",
	      primaryClass   = "hep-ph",
	      reportNumber   = "BI-TP-2000-04, DESY-01-121, EDINBURGH-2001-11",
	      SLACcitation   = "%%CITATION = HEP-PH/0109062;%%",
}


@article{Aad:2011xm,
      author         = "Aad, Georges and others",
      title          = "{Search for supersymmetric particles in events with
                        lepton pairs and large missing transverse momentum in
                        $\sqrt{s}=7$ TeV proton-proton collisions with the ATLAS
                        experiment}",
      collaboration  = "ATLAS Collaboration",
      journal        = "Eur.Phys.J.",
      volume         = "C71",
      pages          = "1682",
      doi            = "10.1140/epjc/s10052-011-1682-6",
      year           = "2011",
      eprint         = "1103.6214",
      archivePrefix  = "arXiv",
      primaryClass   = "hep-ex",
      SLACcitation   = "%%CITATION = ARXIV:1103.6214;%%",
}

@misc{ttV_theory,
         howpublished="",
	author={ATLAS},
	title={$t\bar{t}+V$ twiki page},
	url="https://twiki.cern.ch/twiki/bin/viewauth/AtlasProtected/TTplusV"
}

@misc{tt_modelling,
         howpublished="",
        author={ATLAS},
        title={$t\bar{t}$ Modelling twiki page},
        url="https://twiki.cern.ch/twiki/bin/viewauth/AtlasProtected/TTbarModelling14"
}

@misc{GRL,
	howpublished="",
	url="https://twiki.cern.ch/twiki/bin/view/AtlasProtected/GoodRunListsForAnalysisRun2"
}
@article{Gleisberg:2008ta,
	      author         = "Gleisberg, T. and Hoeche, Stefan. and Krauss, F. and
	                        Schonherr, M. and Schumann, S. and others",
	      title          = "{Event generation with SHERPA 1.1}",
	      journal        = "JHEP",
	      volume         = "0902",
	      pages          = "007",
	      doi            = "10.1088/1126-6708/2009/02/007",
	      year           = "2009",
	      eprint         = "0811.4622",
	      archivePrefix  = "arXiv",
	      primaryClass   = "hep-ph",
	      reportNumber   = "FERMILAB-PUB-08-477-T, SLAC-PUB-13420, ZU-TH-17-08,
	                        DCPT-08-138, IPPP-08-69, EDINBURGH-2008-30, MCNET-08-14",
	      SLACcitation   = "%%CITATION = ARXIV:0811.4622;%%",
}


@article{Hoeche:2009rj,
	      author         = "Hoeche, Stefan and Krauss, Frank and Schumann, Steffen
	                        and Siegert, Frank",
	      title          = "{QCD matrix elements and truncated showers}",
	      journal        = "JHEP",
	      volume         = "0905",
	      pages          = "053",
	      doi            = "10.1088/1126-6708/2009/05/053",
	      year           = "2009",
	      eprint         = "0903.1219",
	      archivePrefix  = "arXiv",
	      primaryClass   = "hep-ph",
	      reportNumber   = "ZU-TH-02-09, IPPP-09-14, DCPT-09-28, HD-THEP-09-2,
	                        MCNET-09-04",
	      SLACcitation   = "%%CITATION = ARXIV:0903.1219;%%",
}

@techreport{ATL-COM-PHYS-2011-1721,
      author        = "Castillo, Santoyo and others",
      title         = "{Searching for direct gaugino production and direct slepton production with two leptons and missing transverse momentum at 
      $\sqrt{s} = 7\,\tev$ (supporting INT note)}",
      institution   = "CERN",
      address       = "Geneva",
      number        = "ATL-COM-PHYS-2011-1721",
      month         = "December",
      year          = "2011",
}

@misc{ChargeFlip,
 howpublished="",
 url="https://twiki.cern.ch/twiki/bin/viewauth/AtlasProtected/ExoticChargeFlipMethods"
}


@techreport{DeViveiros:1547859,
      author        = "DeViveiros, P O and Dube, S and Hance, M and Heinemann, B
                       and Hinchliffe, I and Hurwitz, M and Igonkina, O and
                       Jackson, P and Mahlstedt, J and Soni, N and Yu, D",
      title         = "{Search for New Physics in Events with Three Charged
                       Leptons}",
      institution   = "CERN",
      address       = "Geneva",
      number        = "ATL-COM-PHYS-2013-651",
      month         = "May",
      year          = "2013",
}

@techreport{Chen:1501704,
      author        = "Chen, C and Cochran, J and De Lorenzi, F and Ruiz
                       Martinez, A and Prell, S and Yamamoto, K and Bernat, P and
                       Campanelli, M and Chislett, R and Chekanov, S",
      title         = "{First observation, cross section measurement and jet
                       substructure properties of the inclusive production of
                       boosted hadronically-decaying $W^\pm$ and $Z^0$ bosons from
                       $pp$ collisions at $\sqrt{s}=7\, TeV$ with the ATLAS
                       detector at the LHC.}",
      institution   = "CERN",
      address       = "Geneva",
      number        = "ATL-COM-PHYS-2012-1817",
      month         = "Dec",
      year          = "2012",
}

@article{ATLAS:2011qia,
      key            = "1204180",
      title          = "{Commissioning of the ATLAS high-performance b-tagging
                        algorithms in the 7 TeV collision data}",
      collaboration  = "ATLAS",
      year           = "2011",
      reportNumber   = "ATLAS-CONF-2011-102, ATLAS-COM-CONF-2011-110",
      SLACcitation   = "%%CITATION = ATLAS-CONF-2011-102 ETC.;%%",
}

@article{delAguila:2008pw,
      author         = "del Aguila, F. and de Blas, J. and Perez-Victoria, M.",
      title          = "{Effects of new leptons in Electroweak Precision Data}",
      journal        = "Phys.Rev.",
      volume         = "D78",
      pages          = "013010",
      doi            = "10.1103/PhysRevD.78.013010",
      year           = "2008",
      eprint         = "0803.4008",
      archivePrefix  = "arXiv",
      primaryClass   = "hep-ph",
      reportNumber   = "UG-FT-224-08, CAFPE-94-08",
      SLACcitation   = "%%CITATION = ARXIV:0803.4008;%%",
}
@misc{HVT-web,
author = "Pappadopulo, D. and  Thamm, A. and Torre, R. and Wulzer, A",
url = "http://rtorre.web.cern.ch/rtorre/Riccardotorre/vector_triplet_t.html",
}
@article{Pappadopulo:2014qza,
      author         = "Pappadopulo, Duccio and Thamm, Andrea and Torre, Riccardo
                        and Wulzer, Andrea",
      title          = "{Heavy Vector Triplets: Bridging Theory and Data}",
      year           = "2014",
      eprint         = "1402.4431",
      archivePrefix  = "arXiv",
      primaryClass   = "hep-ph",
      SLACcitation   = "%%CITATION = ARXIV:1402.4431;%%",
}


@article{Abada:2008ea,
      author         = "Abada, A. and Biggio, C. and Bonnet, F. and Gavela, M.B.  and Hambye, T.",
      title          = "{mu $\rightarrow$e gamma and tau $\rightarrow$ l gamma decays in the fermion triplet seesaw model}",
      journal        = "Phys.Rev.",
      volume         = "D78",
      pages          = "033007",
      doi   = "10.1103/PhysRevD.78.033007",
      year           = "2008",
      eprint         = "0803.0481",
      archivePrefix  = "arXiv",
      primaryClass   = "hep-ph",
      reportNumber   = "FTUAM-08-02, IFT-UAM-CSIC-08-12, LPT-ORSAY-08-05,        ULB-TH-08-04, MPP-2008-11",
      SLACcitation   = "%%CITATION = ARXIV:0803.0481;%%",
}



@article{Abada:2007ux,
      author         = "Abada, A. and Biggio, C. and Bonnet, F. and Gavela, M.B.
                        and Hambye, T.",
      title          = "{Low energy effects of neutrino masses}",
      journal        = "JHEP",
      volume         = "0712",
      pages          = "061",
      doi            = "10.1088/1126-6708/2007/12/061",
      year           = "2007",
      eprint         = "0707.4058",
      archivePrefix  = "arXiv",
      primaryClass   = "hep-ph",
      reportNumber   = "FTUAM-07-12, IFT-UAM-CSIC-07-41, LPT-ORSAY-07-34,
                        ULB-TH-07-27",
      SLACcitation   = "%%CITATION = ARXIV:0707.4058;%%",
}


@article{Alwall:2011uj,
      author         = "Alwall, Johan and Herquet, Michel and Maltoni, Fabio and
                        Mattelaer, Olivier and Stelzer, Tim",
      title          = "{MadGraph 5 : Going Beyond}",
      journal        = "JHEP",
      volume         = "1106",
      pages          = "128",
      doi            = "10.1007/JHEP06(2011)128",
      year           = "2011",
      eprint         = "1106.0522",
      archivePrefix  = "arXiv",
      primaryClass   = "hep-ph",
      reportNumber   = "FERMILAB-PUB-11-448-T",
      SLACcitation   = "%%CITATION = ARXIV:1106.0522;%%",
}

@article{Foot:1988aq,
      author         = "Foot, Robert and Lew, H. and He, X.G. and Joshi, Girish
                        C.",
      title          = "{Seesaw Neutrino Masses Induced by a Triplet of Leptons}",
      journal        = "Z.Phys.",
      volume         = "C44",
      pages          = "441",
      doi            = "10.1007/BF01415558",
      year           = "1989",
      reportNumber   = "UM-P-88/89, OZ-P-88/7",
      SLACcitation   = "%%CITATION = ZEPYA,C44,441;%%",
}

 
@article{Maltoni:2002qb,
      author         = "Maltoni, Fabio and Stelzer, Tim",
      title          = "{MadEvent: Automatic event generation with MadGraph}",
      journal        = "JHEP",
      volume         = "0302",
      pages          = "027",
      doi            = "10.1088/1126-6708/2003/02/027",
      year           = "2003",
      eprint         = "hep-ph/0208156",
      archivePrefix  = "arXiv",
      primaryClass   = "hep-ph",
      SLACcitation   = "%%CITATION = HEP-PH/0208156;%%",
}

@article{Biggio:2011ja,
      author         = "Biggio, Carla and Bonnet, Florian",
      title          = "{Implementation of the Type III Seesaw Model in
                        FeynRules/MadGraph and Prospects for Discovery with Early
                        LHC Data}",
      journal        = "Eur.Phys.J.",
      volume         = "C72",
      pages          = "1899",
      doi            = "10.1140/epjc/s10052-012-1899-z",
      year           = "2012",
      eprint         = "1107.3463",
      archivePrefix  = "arXiv",
      primaryClass   = "hep-ph",
      SLACcitation   = "%%CITATION = ARXIV:1107.3463;%%",
}

@article{Christensen:2008py,
      author         = "Christensen, Neil D. and Duhr, Claude",
      title          = "{FeynRules - Feynman rules made easy}",
      journal        = "Comput.Phys.Commun.",
      volume         = "180",
      pages          = "1614-1641",
      doi            = "10.1016/j.cpc.2009.02.018",
      year           = "2009",
      eprint         = "0806.4194",
      archivePrefix  = "arXiv",
      primaryClass   = "hep-ph",
      reportNumber   = "MSUHEP-080616, CP3-08-20",
      SLACcitation   = "%%CITATION = ARXIV:0806.4194;%%",
}

@article{Aad:2015ufa,
      author         = "Aad, Georges and others",
      title          = "{Search for production of $WW/WZ$ resonances decaying to
                        a lepton, neutrino and jets in $pp$ collisions at
                        $\sqrt{s}=8$  TeV with the ATLAS detector}",
      collaboration  = "ATLAS",
      journal        = "Eur.~Phys.~J.",
      volume         = "C75",
      year           = "2015",
      number         = "5",
      pages          = "209",
      doi            = "10.1140/epjc/s10052-015-3593-4,
                        10.1140/epjc/s10052-015-3425-6",
      note           = "[Erratum: Eur.~Phys.~J.~C75 (2015) 370]",
      eprint         = "1503.04677",
      archivePrefix  = "arXiv",
      primaryClass   = "hep-ex",
      reportNumber   = "CERN-PH-EP-2015-044",
      SLACcitation   = "%%CITATION = ARXIV:1503.04677;%%"
}

@article{Aad:2015owa,
      author         = "Aad, Georges and others",
      title          = "{Search for high-mass diboson resonances with
                        boson-tagged jets in proton-proton collisions at $\sqrt{s}
                        = 8$ TeV with the ATLAS detector}",
      collaboration  = "ATLAS",
      year           = "2015",
      eprint         = "1506.00962",
      archivePrefix  = "arXiv",
      primaryClass   = "hep-ex",
      reportNumber   = "CERN-PH-EP-2015-115",
      SLACcitation   = "%%CITATION = ARXIV:1506.00962;%%"
}

@unpublished{Search_7TeV,
 title = "Search for resonant WW and WZ production using lepton+Emiss+jets events with the ATLAS detector",
 note  = "ATL-COM-PHYS-2012-385"
}
 
@article{Altarelli:1989ff,
 author  = "Altarelli, Guido and Mele, B. and Ruiz-Altaba, M.",
 title   = "{Searching for new heavy vector bosons in $p\bar{p}$ colliders}",
 journal = "Z. Phys. C",
 volume  = "45",
 pages   = "109",
 doi     = "10.1007/BF01556677",
 year    = "1989"
}
 
@article{Randall:1999ee,
 author        = "Randall, Lisa and Sundrum, Raman",
 title         = "{A large mass hierarchy from a small extra dimension}",
 journal       = "Phys. Rev. Lett.",
 volume        = "83",
 year          = "1999",
 pages         = "3370-3373",
 eprint        = "hep-ph/9905221",
 archivePrefix = "arXiv",
 primaryClass  = "hep-ph"
}
 
@article{Davoudiasl:1999tf,
 author        = "Davoudiasl, H. and Hewett, J. L. and Rizzo, T. G.",
 title         = "{Bulk gauge fields in the Randall-Sundrum model}",
 journal       = "Phys. Lett. B",
 volume        = "473",
 year          = "2000",
 pages         = "43-49",
 eprint        = "hep-ph/9911262",
 archivePrefix = "arXiv",
 primaryClass  = "hep-ph"
}
 
@article{Eichten:2007sx,
 author        = "Eichten, Estia and Lane, Kenneth",
 title         = "{Low-scale technicolor at the Tevatron and LHC}",
 journal       = "Phys. Lett. B",
 volume        = "669",
 pages         = "235-238",
 doi           = "10.1016/j.physletb.2008.09.047",
 year          = "2008",
 archivePrefix = "arXiv",
 primaryClass  = "hep-ph"
}
 
@article{Belyaev:2012qa,
      author         = "Belyaev, Alexander and Christensen, Neil D. and Pukhov,
                        Alexander",
      title          = "{CalcHEP 3.4 for collider physics within and beyond the
                       Standard Model}",
      journal        = "Comput.Phys.Commun.",
      volume         = "184",
      pages          = "1729-1769",
      doi            = "10.1016/j.cpc.2013.01.014",
      year           = "2013",
      eprint         = "1207.6082",
      archivePrefix  = "arXiv",
      primaryClass   = "hep-ph",
      reportNumber   = "PITT-PACC-1209",
      SLACcitation   = "%%CITATION = ARXIV:1207.6082;%%",
}
 
@article{Catterall:2011zf,
 author        = "Catterall, Simon and Del Debbio, Luigi and Giedt, Joel and Keegan, Liam",
 title         = "{MCRG Minimal Walking Technicolor}",
 year        = "2011",
 eprint        = "1108.3794",
 archivePrefix = "arXiv"
}
 
@article{Andersen:2011yj,
 author        = "Andersen, J.R. and others",
 title         = "{Discovering Technicolor}",
 journal       = "Eur. Phys. J.",
 volume        = "126",
 pages         = "81",
 year          = "2011",
 eprint        = "1104.1255",
 archivePrefix = "arXiv",
 primaryClass  = "hep-ph"
}
 
@misc{DBLOrthogonalSelections2012,
 howpublished="",
 url="https://twiki.cern.ch/twiki/bin/viewauth/AtlasProtected/DBLOrthogonalSelections2012"
}
 
 @misc{METUtility,
 howpublished="",
 url="https://twiki.cern.ch/twiki/bin/viewauth/AtlasProtected/METUtilUserGuide"
}
 
@misc{ExtendedPileupReweighting,
 howpublished="",
 url="https://twiki.cern.ch/twiki/bin/viewauth/AtlasProtected/ExtendedPileupReweighting"
}

@misc{el-rescaler,
 howpublished="",
 url="https://twiki.cern.ch/twiki/bin/view/AtlasProtected/EnergyRescaler"
}
 
@misc{el-eff,
 howpublished="",
 url="https://twiki.cern.ch/twiki/bin/view/AtlasProtected/EfficiencyMeasurements"
}
@online{NuiTreats,
	author = {John Conway},
	title = {Nuisance Parameters in Likelihoods for Searches},
	year = {2011},
	url = {https://indico.cern.ch/event/107747/contributions/32677/attachments/24367/35056/Conway-PhyStat2011.pdf}},
}


@book{StatisticsData,
	author = {Glen Cowan},
	title = {Statistical Data Analysis},
	year = {1998}
}

@misc{JVT,
 howpublished="",
 url="https://twiki.cern.ch/twiki/bin/view/AtlasProtected/JetVertexTaggerTool"
}

@misc{BTagger,
 howpublished="",
 url="https://twiki.cern.ch/twiki/bin/view/AtlasProtected/BTaggingMV2"
}

@misc{BTagCalib,
  howpublished="",
  url="https://twiki.cern.ch/twiki/bin/view/AtlasProtected/BTagCalib2015"
}

@misc{BTagCalibInterface,
  howpublished="",
  url="https://twiki.cern.ch/twiki/bin/view/AtlasProtected/BTaggingCalibrationDataInterface"
}

@Article{mc11ctunes,
    author    = "{ATLAS Collaboration}",
    title     = "ATLAS tunes of PYTHIA 6 and Pythia 8 for MC11",
    year      = "2011",
    journal   = "ATL-PHYS-PUB-2011-009",
    url       = "https://cds.cern.ch/record/1363300"
}
 
@Article{ATLAS:electron_performance,
   author = "{ATLAS Collaboration}",
   title = "Electron performance measurements with the ATLAS detector using the 2010 LHC proton-proton collision data",
   journal = "Eur. Phys. J.",
   volume  = "C72",
   pages   = "1909",
   journalCOM = "\href{http://arxiv.org/abs/1110.3174}{arXiv:1110.3174 [hep-ex]}",
   archivePrefix = "arXiv",
   eprint = "1110.3174",
   primaryClass = "hep-ex",
   year = "2011",
   doi    = "10.1140/epjc/s10052-012-1909-1",
   noteCOM = "CERN-PH-EP-2011-117",
}

@Article{ATLAS-CONF-2014-032,
      title         = "{Electron efficiency measurements with the ATLAS detector
                       using the 2012 LHC proton-proton collision data}",
	collaboration = "ATLAS",
      institution   = "CERN",
      address       = "Geneva",
      journal        = "ATLAS-CONF-2014-032",
      month         = "Jun",
      year          = "2014",
      reportNumber  = "ATLAS-CONF-2014-032",
      url           = "https://cds.cern.ch/record/1706245",
}

@misc{lepTruthTool,
 howpublished="",
 url="​https://svnweb.cern.ch/trac/atlasphys/browser/Physics/SUSY/Analyses/WeakProduction/LeptonTruthTools"
}
 
@misc{Muons2015,
  howpublished="",
  url="https://twiki.cern.ch/twiki/bin/view/AtlasProtected/MuonPerformance#AnchorReconstruction"
}

@misc{Muons2015workbook,
  howpublished="",
  url="https://twiki.cern.ch/twiki/bin/view/AtlasProtected/PhysicsAnalysisWorkBookRel20CPRec#Muons"
}

@misc{MuonSelectionTool,
  howpublished="",
  url="https://twiki.cern.ch/twiki/bin/view/Atlas/MuonSelectionTool"
}
 
@misc{Egamma2012,
 howpublished="",
 url="https://twiki.cern.ch/twiki/bin/viewauth/AtlasProtected/Egamma2012Analyses"
}

@misc{Egamma2015,
 howpublished="",
 url="https://twiki.cern.ch/twiki/bin/view/AtlasProtected/ElectronGamma"
}

@misc{Egamma2015workbook,
 howpublished="",
 url="https://twiki.cern.ch/twiki/bin/view/AtlasProtected/PhysicsAnalysisWorkBookRel20CPRec#Electrons"
}

@misc{IsolationSelectionTool,
 howpublished="",
 url="https://twiki.cern.ch/twiki/bin/view/AtlasProtected/IsolationSelectionTool"
}

@misc{InDetSelectionTool,
 howpublished="",
 url="https://twiki.cern.ch/twiki/bin/viewauth/AtlasProtected/InDetTrackingPerformanceGuidelines#Tracking_Quality_Cutsl"
}

@misc{ TrackVertexAssociation, 
 howpublished="",
 url="https://twiki.cern.ch/twiki/bin/viewauth/AtlasProtected/InDetTrackingPerformanceGuidelines#Track_to_Vertex_Association"
}

@misc{ TrackVertexAssociationTool,
 howpublished="",
 url="https://twiki.cern.ch/twiki/bin/view/AtlasProtected/TrackVertexAssociationTool"
}
 
@misc{AsgElectronEfficiencyCorrectionTool,
 howpublished="",
 url="https://twiki.cern.ch/twiki/bin/view/AtlasProtected/ElectronEfficiencyRun2"
}
 
@misc{ElectronPhotonFourMomentumCorrection,
 howpublished="",
 url="https://twiki.cern.ch/twiki/bin/viewauth/AtlasProtected/ElectronPhotonFourMomentumCorrection"
}
 
@misc{MCPAnalysisGuidelinesData2012,
 howpublished="",
 url="https://twiki.cern.ch/twiki/bin/view/AtlasProtected/MCPAnalysisGuidelinesData2012"
}
 
@article{antikt_algorithm,
author="{M. Cacciari, C. P. Salam and G. Soyez}",
title="The anti-$k_{t}$ jet clustering algorithm",
journal="JHEP",
volume="04",
year=2008,
pages="063",
doi = "10.1088/1126-6708/2008/04/063",
noteCOM="{\tt arXiv:0802:1189 [hep-ph]}"
}
 
@Article{ATLAS_JES_uncert_2011_update,
  author  = "{ATLAS Collaboration}",
  title   = "Jet energy measurement with the ATLAS detector in proton-proton collisions at $\sqrt{s}=7$ TeV",
  journal = "Eur.~Phys.~J.~C",
volume = "73",
pages = "2304",
  archivePrefix = "arXiv",
  eprint  = "1112.6426",
  primaryClass = "hep-ex",
  year    = "2013",
  doi = "10.1140/epjc/s10052-013-2304-2"
}
 
@misc{HowToCleanJets2012,
     howpublished="",
     url="https://twiki.cern.ch/twiki/bin/view/AtlasProtected/HowToCleanJets2012"
}


@techreport{ATLAS-CONF-2011-046,
      title         = "{Muon Momentum Resolution in First Pass Reconstruction of
                       pp Collision Data Recorded by ATLAS in 2010}",
      institution   = "CERN",
      collaboration = "ATLAS Collaboration",
      address       = "Geneva",
      number        = "ATLAS-CONF-2011-046",
      month         = "Mar",
      year          = "2011",
}

@techreport{Romeo:1334193,
      author        = "Romeo, G and Schwartzman, A and Piegaia, R and Carli, T
                       and Teuscher, R",
      title         = "{Jet Energy Resolution from In-situ Techniques with the
                       ATLAS Detector Using Proton-Proton Collisions at a Center
                       of Mass Energy $\sqrt{s}$ = 7 TeV}",
      institution   = "CERN",
      address       = "Geneva",
      number        = "ATL-COM-PHYS-2011-240",
      month         = "Mar",
      year          = "2011",
}


 
@misc{TrigMuonEfficiency,
   howpublished="",
   url="https://twiki.cern.ch/twiki/bin/viewauth/Atlas/TrigMuonEfficiency"
}
 
@misc{EgammaTriggerMatching,
   howpublished="",
        url="https://twiki.cern.ch/twiki/bin/viewauth/AtlasProtected/EgammaTriggerMatching"
}
 
@misc{TriggerObjectMatching,
   howpublished="",
        url="https://twiki.cern.ch/twiki/bin/viewauth/Atlas/TriggerObjectMatching"
}
 
@misc{DataPreparationCheckListForPhysicsAnalysis,
   howpublished="",
        url="https://twiki.cern.ch/twiki/bin/viewauth/Atlas/DataPreparationCheckListForPhysicsAnalysis"
}
 
@misc{TileTripReader,
   howpublished="",
        url="https://twiki.cern.ch/twiki/bin/viewauth/Atlas/TileTripReader"
}
 
@Article{ATLAS_luminosity,
author="{ATLAS Collaboration}",
title="Luminosity Determination in pp Collisions at $\sqrt{s}=7$ TeV using the ATLAS Detector in 2011",
year=2011,
institution="CERN",
journal="ATLAS-CONF-2011-116",
note = "{https://cdsweb.cern.ch/record/1376384}",
}
 
@misc{METUtilSystematics,
   howpublished="",
        url="https://twiki.cern.ch/twiki/bin/viewauth/AtlasProtected/METUtilSystematics"
}
 
@misc{JetUncertainties2012,
   howpublished="",
        url="https://twiki.cern.ch/twiki/bin/viewauth/AtlasProtected/JetUncertainties2012"
}
 
@misc{JetEnergyResolutionProvider2012,
   howpublished="",
        url="https://twiki.cern.ch/twiki/bin/viewauth/AtlasProtected/JetEnergyResolutionProvider2012"
}
 
@misc{MissingETUtility,
   howpublished="",
        url="https://twiki.cern.ch/twiki/bin/viewauth/AtlasProtected/MissingETUtility"
}
 
%% TOP XSECT
 
@article{Aliev:2010zk,
      author         = "Aliev, M. and Lacker, H. and Langenfeld, U. and Moch, S.
                        and Uwer, P. and others",
      title          = "{HATHOR: HAdronic Top and Heavy quarks crOss section
                       calculatoR}",
      journal        = "Comput.Phys.Commun.",
      volume         = "182",
      pages          = "1034-1046",
      doi            = "10.1016/j.cpc.2010.12.040",
      year           = "2011",
      eprint         = "1007.1327",
      archivePrefix  = "arXiv",
      primaryClass   = "hep-ph",
      reportNumber   = "DESY-10-091, HU-EP-10-33, SFB-CPP-10-60",
      SLACcitation   = "%%CITATION = ARXIV:1007.1327;%%",
}
 
@article{Czakon:2013goa,
      author         = "Czakon, Michal and Fiedler, Paul and Mitov, Alexander",
      title          = "{The total top quark pair production cross-section at
                       hadron colliders through O($alpha_S^4$)}",
      year           = "2013",
      eprint         = "1303.6254",
      archivePrefix  = "arXiv",
      primaryClass   = "hep-ph",
      reportNumber   = "CERN-PH-TH-2013-056, TTK-13-08",
      SLACcitation   = "%%CITATION = ARXIV:1303.6254;%%",
}
 
@article{Czakon:2012pz,
      author         = "Czakon, Michal and Mitov, Alexander",
      title          = "{NNLO corrections to top pair production at hadron
                       colliders: the quark-gluon reaction}",
      journal        = "JHEP",
      volume         = "1301",
      pages          = "080",
      doi            = "10.1007/JHEP01(2013)080",
      year           = "2013",
      eprint         = "1210.6832",
      archivePrefix  = "arXiv",
      primaryClass   = "hep-ph",
      SLACcitation   = "%%CITATION = ARXIV:1210.6832;%%",
}
 
@article{Czakon:2012zr,
      author         = "Czakon, Michal and Mitov, Alexander",
      title          = "{NNLO corrections to top-pair production at hadron
                       colliders: the all-fermionic scattering channels}",
      journal        = "JHEP",
      volume         = "1212",
      pages          = "054",
      doi            = "10.1007/JHEP12(2012)054",
      year           = "2012",
      eprint         = "1207.0236",
      archivePrefix  = "arXiv",
      primaryClass   = "hep-ph",
      SLACcitation   = "%%CITATION = ARXIV:1207.0236;%%",
}
 
@article{Baernreuther:2012ws,
      author         = "Baernreuther, Peter and Czakon, Michal and Mitov,
                        Alexander",
      title          = "{Percent Level Precision Physics at the Tevatron: First
                       Genuine NNLO QCD Corrections to $q \bar{q} \to t \bar{t} +
                       X$}",
      journal        = "Phys.Rev.Lett.",
      volume         = "109",
      pages          = "132001",
      doi            = "10.1103/PhysRevLett.109.132001",
      year           = "2012",
      eprint         = "1204.5201",
      archivePrefix  = "arXiv",
      primaryClass   = "hep-ph",
      SLACcitation   = "%%CITATION = ARXIV:1204.5201;%%",
}
 
@article{Cacciari:2011hy,
      author         = "Cacciari, Matteo and Czakon, Michal and Mangano,
                        Michelangelo and Mitov, Alexander and Nason, Paolo",
      title          = "{Top-pair production at hadron colliders with
                       next-to-next-to-leading logarithmic soft-gluon
                       resummation}",
      journal        = "Phys.Lett.",
      volume         = "B710",
      pages          = "612-622",
      doi            = "10.1016/j.physletb.2012.03.013",
      year           = "2012",
      eprint         = "1111.5869",
      archivePrefix  = "arXiv",
      primaryClass   = "hep-ph",
      reportNumber   = "CERN-PH-TH-2011-277, TTK-11-54",
      SLACcitation   = "%%CITATION = ARXIV:1111.5869;%%",
}

@article{Kidonakis:2010ux,
      author         = "Kidonakis, Nikolaos",
      title          = "{Two-loop soft anomalous dimensions for single top quark
                        associated production with a W- or H-}",
      journal        = "Phys. Rev.",
      volume         = "D82",
      year           = "2010",
      pages          = "054018",
      doi            = "10.1103/PhysRevD.82.054018",
      eprint         = "1005.4451",
      archivePrefix  = "arXiv",
      primaryClass   = "hep-ph",
      SLACcitation   = "%%CITATION = ARXIV:1005.4451;%%"
}

@article{Kidonakis:2011wy,
      author         = "Kidonakis, Nikolaos",
      title          = "{Next-to-next-to-leading-order collinear and soft gluon
                        corrections for t-channel single top quark production}",
      journal        = "Phys. Rev.",
      volume         = "D83",
      year           = "2011",
      pages          = "091503",
      doi            = "10.1103/PhysRevD.83.091503",
      eprint         = "1103.2792",
      archivePrefix  = "arXiv",
      primaryClass   = "hep-ph",
      SLACcitation   = "%%CITATION = ARXIV:1103.2792;%%"
}
 
@article{Lange:2001uf,
      author         = "Lange, D. J.",
      title          = "{The EvtGen particle decay simulation package}",
      booktitle      = "{Proceedings, 7th International Conference on B physics
                        at hadron machines (BEAUTY 2000)}",
      journal        = "Nucl. Instrum. Meth.",
      volume         = "A462",
      year           = "2001",
      pages          = "152-155",
      doi            = "10.1016/S0168-9002(01)00089-4",
      SLACcitation   = "%%CITATION = NUIMA,A462,152;%%"
}

@article{Czakon:2011xx,
      author         = "Czakon, Michal and Mitov, Alexander",
      title          = "{Top++: A Program for the Calculation of the Top-Pair
                       Cross-Section at Hadron Colliders}",
      year           = "2014",
      journal       = "Compt/~Phys.~Commun.",
      vol             = 185,
      pages        = 2930,
      eprint         = "1112.5675",
      archivePrefix  = "arXiv",
      primaryClass   = "hep-ph",
      SLACcitation   = "%%CITATION = ARXIV:1112.5675;%%",
}
 
@article{Martin:2009iq,
      author         = "Martin, A.D. and Stirling, W.J. and Thorne, R.S. and
                        Watt, G.",
      title          = "{Parton distributions for the LHC}",
      journal        = "Eur.Phys.J.",
      volume         = "C63",
      pages          = "189-285",
      doi            = "10.1140/epjc/s10052-009-1072-5",
      year           = "2009",
      eprint         = "0901.0002",
      archivePrefix  = "arXiv",
      primaryClass   = "hep-ph",
      reportNumber   = "IPPP-08-95, DCPT-08-190, CAVENDISH-HEP-08-16",
      SLACcitation   = "%%CITATION = ARXIV:0901.0002;%%",
}
 
 
@article{Martin:2009bu,
      author         = "Martin, A.D. and Stirling, W.J. and Thorne, R.S. and
                        Watt, G.",
      title          = "{Uncertainties on alpha(S) in global PDF analyses and
                       implications for predicted hadronic cross sections}",
      journal        = "Eur.Phys.J.",
      volume         = "C64",
      pages          = "653-680",
      doi            = "10.1140/epjc/s10052-009-1164-2",
      year           = "2009",
      eprint         = "0905.3531",
      archivePrefix  = "arXiv",
      primaryClass   = "hep-ph",
      reportNumber   = "IPPP-09-33, DCPT-09-66, CAVENDISH-HEP-09-06",
      SLACcitation   = "%%CITATION = ARXIV:0905.3531;%%",
}
 
@article{Ball:2012cx,
      author         = "Ball, Richard D. and Bertone, Valerio and Carrazza,
                        Stefano and Deans, Christopher S. and Del Debbio, Luigi
                        and others",
      title          = "{Parton distributions with LHC data}",
      journal        = "Nucl.Phys.",
      volume         = "B867",
      pages          = "244-289",
      doi            = "10.1016/j.nuclphysb.2012.10.003",
      year           = "2013",
      eprint         = "1207.1303",
      archivePrefix  = "arXiv",
      primaryClass   = "hep-ph",
      reportNumber   = "EDINBURGH-2012-08, IFUM-FT-997, FR-PHENO-2012-014,
                        RWTH-TTK-12-25, CERN-PH-TH-2012-037, SFB-CPP-12-47\",
      SLACcitation   = "%%CITATION = ARXIV:1207.1303;%%",
}
 
@article{Gao:2013xoa,
      author         = "Gao, Jun and Guzzi, Marco and Huston, Joey and Lai,
                        Hung-Liang and Li, Zhao and others",
      title          = "{The CT10 NNLO Global Analysis of QCD}",
      year           = "2013",
      eprint         = "1302.6246",
      archivePrefix  = "arXiv",
      primaryClass   = "hep-ph",
      reportNumber   = "SMU-HEP-12-23",
      SLACcitation   = "%%CITATION = ARXIV:1302.6246;%%",
}
 
@article{Botje:2011sn,
      author         = "Botje, Michiel and Butterworth, Jon and Cooper-Sarkar,
                        Amanda and de Roeck, Albert and Feltesse, Joel and others",
      title          = "{The PDF4LHC Working Group Interim Recommendations}",
      year           = "2011",
      eprint         = "1101.0538",
      archivePrefix  = "arXiv",
      primaryClass   = "hep-ph",
      SLACcitation   = "%%CITATION = ARXIV:1101.0538;%%",
}
 
@article{Lai:2010vv,
      author         = "Lai, Hung-Liang and Guzzi, Marco and Huston, Joey and Li,
                        Zhao and Nadolsky, Pavel M. and others",
      title          = "{New parton distributions for collider physics}",
      journal        = "Phys.Rev.",
      volume         = "D82",
      pages          = "074024",
      doi            = "10.1103/PhysRevD.82.074024",
      year           = "2010",
      eprint         = "1007.2241",
      archivePrefix  = "arXiv",
      primaryClass   = "hep-ph",
      reportNumber   = "MSUHEP-100707, SMU-HEP-10-10",
      SLACcitation   = "%%CITATION = ARXIV:1007.2241;%%",
}
 
%% END TOP XSECT
 

 

@article{Campbell:1999ah,
      author         = "Campbell, John M. and Ellis, R. Keith",
      title          = "{An Update on vector boson pair production at hadron
                        colliders}",
      journal        = "Phys.Rev.",
      volume         = "D60",
      pages          = "113006",
      doi            = "10.1103/PhysRevD.60.113006",
      year           = "1999",
      eprint         = "hep-ph/9905386",
      archivePrefix  = "arXiv",
      primaryClass   = "hep-ph",
      reportNumber   = "FERMILAB-PUB-99-146-T",
      SLACcitation   = "%%CITATION = HEP-PH/9905386;%%",
}

@article{Aad:2011fp,
      author         = "Aad, Georges and others",
      title          = "{Measurement of the Transverse Momentum Distribution of
                        $W$ Bosons in $pp$ Collisions at $\sqrt{s}=7$ TeV with the
                        ATLAS Detector}",
      collaboration  = "ATLAS Collaboration",
      journal        = "Phys.Rev.",
      volume         = "D85",
      pages          = "012005",
      doi            = "10.1103/PhysRevD.85.012005",
      year           = "2012",
      eprint         = "1108.6308",
      archivePrefix  = "arXiv",
      primaryClass   = "hep-ex",
      reportNumber   = "CERN-PH-EP-2011-134",
      SLACcitation   = "%%CITATION = ARXIV:1108.6308;%%",
}

@article{Aad:2013ysa,
      author         = "Aad, Georges and others",
      title          = "{Measurement of the production cross section of jets in
                        association with a Z boson in pp collisions at sqrt(s) = 7
                        TeV with the ATLAS detector}",
      collaboration  = "ATLAS Collaboration",
      journal        = "JHEP",
      volume         = "1307",
      pages          = "032",
      doi            = "10.1007/JHEP07(2013)032",
      year           = "2013",
      eprint         = "1304.7098",
      archivePrefix  = "arXiv",
      primaryClass   = "hep-ex",
      reportNumber   = "CERN-PH-EP-2013-023",
      SLACcitation   = "%%CITATION = ARXIV:1304.7098;%%",
}

@article{Aad:2012ag,
      author         = "Aad, Georges and others",
      title          = "{Jet energy resolution in proton-proton collisions at
                        $\sqrt{s}=7$ TeV recorded in 2010 with the ATLAS
                        detector}",
      collaboration  = "ATLAS Collaboration",
      journal        = "Eur.Phys.J.",
      volume         = "C73",
      pages          = "2306",
      doi            = "10.1140/epjc/s10052-013-2306-0",
      year           = "2013",
      eprint         = "1210.6210",
      archivePrefix  = "arXiv",
      primaryClass   = "hep-ex",
      reportNumber   = "CERN-PH-EP-2012-191",
      SLACcitation   = "%%CITATION = ARXIV:1210.6210;%%",
}

@article{Aad:2013gja,
      author         = "Aad, Georges and others",
      title          = "{Performance of jet substructure techniques for large-R
                        jets in proton-proton collisions at sqrt(s) = 7 TeV using
                        the ATLAS detector}",
      collaboration  = "ATLAS Collaboration",
      year           = "2013",
      eprint         = "1306.4945",
      archivePrefix  = "arXiv",
      primaryClass   = "hep-ex",
      reportNumber   = "CERN-PH-EP-2013-069",
      SLACcitation   = "%%CITATION = ARXIV:1306.4945;%%",
}


@techreport{Demirkoz:1298303,
      author       = "Demirkoz, B and Marshall, Z and Martinez, M and Spousta, M
                      and Vives, F",
      title        = "Measurements of Jet Shapes in proton-proton collisions at 7
                      TeV centre-of-mass energy with the ATLAS Detector",
      institution  = "CERN",
      address      = "Geneva",
      number       = "ATL-COM-PHYS-2010-828",
      month        = "Oct",
      year         = "2010",
      note         = "Apologies that this comes very late: we forgot to ask for
                      it earlier.",
}
@techreport{Begel:1290956,
      author       = "Begel, M and Campanelli, M and Caputo, R and Dhullipudi, R
                      and Gray, J and Hobbs, J and Hoffman, J and Kreiger, P and
                      Ma, H and Majewski, S and Paige, F and Pleier, M-A and
                      Rijssenbeek, M and Rios, R and Robinson, J and Rosenbaum, G
                      and Sawyer, L and Steinberg, P",
      title        = "Azimuthal Decorrelations in Dijet Events at sqrt{s}=7 TeV",
      institution  = "CERN",
      address      = "Geneva",
      number       = "ATL-PHYS-INT-2010-110",
      month        = "Sep",
      year         = "2010",
}
@article{Aad:2012vm,
      author         = "Aad, Georges and others",
      title          = "{Single hadron response measurement and calorimeter jet
                        energy scale uncertainty with the ATLAS detector at the
                        LHC}",
      collaboration  = "ATLAS Collaboration",
      journal        = "Eur.Phys.J.",
      volume         = "C73",
      pages          = "2305",
      doi            = "10.1140/epjc/s10052-013-2305-1",
      year           = "2013",
      eprint         = "1203.1302",
      archivePrefix  = "arXiv",
      primaryClass   = "hep-ex",
      reportNumber   = "CERN-PH-EP-2012-005",
      SLACcitation   = "%%CITATION = ARXIV:1203.1302;%%",
}

@techreport{Alon:1371805,
      author       = "Alon, R and Asquith, L and Blazey, G and Chekanov, S and
                      Davison, A and Duchovni, E and Farooque, T and Miller, DW
                      and Proudfoot, J and Sandoval, C and Schwartzmann, A and
                      Sinervo, P and Villiplana, M and Vos, M and Yoshida, R",
      title        = "Measurements of the characteristics of boosted, massive
                      jets in pp collisions at 7 TeV with the ATLAS detector.",
      institution  = "CERN",
      address      = "Geneva",
      number       = "ATL-COM-PHYS-2011-1014",
      month        = "Jul",
      year         = "2011",
}

@techreport{ATLAS-CONF-2012-066,
      title        = "Studies of the impact and mitigation of pile-up on
                      large-$R$ and groomed jets in ATLAS at $\sqrt{s}=7$ TeV",
      institution  = "CERN",
      address      = "Geneva",
      number       = "ATLAS-CONF-2012-066",
      month        = "Jul",
      year         = "2012",
}

@techreport{ATLAS-CONF-2012-065,
      title        = "Performance of large-R jets and jet substructure
                      reconstruction with the ATLAS detector",
      institution  = "CERN",
      address      = "Geneva",
      number       = "ATLAS-CONF-2012-065",
      month        = "Jul",
      year         = "2012",
}

@article{Chen:2011ah,
      author         = "Chen, Chunhui",
      title          = "{New approach to identifying boosted
                        hadronically-decaying particle using jet substructure in
                        its center-of-mass frame}",
      journal        = "Phys.Rev.",
      volume         = "D85",
      pages          = "034007",
      doi            = "10.1103/PhysRevD.85.034007",
      year           = "2012",
      note           = "",
      eprint         = "1112.2567",
      archivePrefix  = "arXiv",
      primaryClass   = "hep-ph",
      SLACcitation   = "%%CITATION = ARXIV:1112.2567;%%",
}


@article{Butterworth:2002tt,
      author         = "Butterworth, J.M. and Cox, B.E. and Forshaw, Jeffrey R.",
      title          = "{$W W$ scattering at the CERN LHC}",
      journal        = "Phys.Rev.",
      volume         = "D65",
      pages          = "096014",
      doi            = "10.1103/PhysRevD.65.096014",
      year           = "2002",
      eprint         = "hep-ph/0201098",
      archivePrefix  = "arXiv",
      primaryClass   = "hep-ph",
      reportNumber   = "MC-TH-01-13, MAN-HEP-01-05, UCL-HEP-2001-06",
      SLACcitation   = "%%CITATION = HEP-PH/0201098;%%",
}

@article{Almeida:2008yp,
      author         = "Almeida, Leandro G. and Lee, Seung J. and Perez, Gilad
                        and Sterman, George F. and Sung, Ilmo and others",
      title          = "{Substructure of high $p_{\rm T}$ Jets at the LHC}",
      journal        = "Phys.Rev.",
      volume         = "D79",
      pages          = "074017",
      doi            = "10.1103/PhysRevD.79.074017",
      year           = "2009",
      eprint         = "0807.0234",
      archivePrefix  = "arXiv",
      primaryClass   = "hep-ph",
      reportNumber   = "YITP-SB-08-31",
      SLACcitation   = "%%CITATION = ARXIV:0807.0234;%%",
}

@article{Ellis:2009su,
      author         = "Ellis, Stephen D. and Vermilion, Christopher K. and
                        Walsh, Jonathan R.",
      title          = "{Techniques for improved heavy particle searches with jet
                        substructure}",
      journal        = "Phys.Rev.",
      volume         = "D80",
      pages          = "051501",
      doi            = "10.1103/PhysRevD.80.051501",
      year           = "2009",
      eprint         = "0903.5081",
      archivePrefix  = "arXiv",
      primaryClass   = "hep-ph",
      SLACcitation   = "%%CITATION = ARXIV:0903.5081;%%",
}

@article{Ellis:2009me,
      author         = "Ellis, Stephen D. and Vermilion, Christopher K. and
                        Walsh, Jonathan R.",
      title          = "{Recombination Algorithms and Jet Substructure: Pruning
                        as a Tool for Heavy Particle Searches}",
      journal        = "Phys.Rev.",
      volume         = "D81",
      pages          = "094023",
      doi            = "10.1103/PhysRevD.81.094023",
      year           = "2010",
      eprint         = "0912.0033",
      archivePrefix  = "arXiv",
      primaryClass   = "hep-ph",
      SLACcitation   = "%%CITATION = ARXIV:0912.0033;%%",
}

@article{Hackstein:2010wk,
      author         = "Hackstein, Christoph and Spannowsky, Michael",
      title          = "{Boosting Higgs discovery: The Forgotten channel}",
      journal        = "Phys.Rev.",
      volume         = "D82",
      pages          = "113012",
      doi            = "10.1103/PhysRevD.82.113012",
      year           = "2010",
      eprint         = "1008.2202",
      archivePrefix  = "arXiv",
      primaryClass   = "hep-ph",
      reportNumber   = "IEKP-KA-2010-18, KA-TP-27-2010",
      SLACcitation   = "%%CITATION = ARXIV:1008.2202;%%",
}

@article{Katz:2010mr,
      author         = "Katz, Andrey and Son, Minho and Tweedie, Brock",
      title          = "{Jet Substructure and the Search for Neutral Spin-One
                        Resonances in Electroweak Boson Channels}",
      journal        = "JHEP",
      volume         = "1103",
      pages          = "011",
      doi            = "10.1007/JHEP03(2011)011",
      year           = "2011",
      eprint         = "1010.5253",
      archivePrefix  = "arXiv",
      primaryClass   = "hep-ph",
      reportNumber   = "UMD-PP-10-017",
      SLACcitation   = "%%CITATION = ARXIV:1010.5253;%%",
}

@article{Thaler:2010tr,
      author         = "Thaler, Jesse and Van Tilburg, Ken",
      title          = "{Identifying Boosted Objects with N-subjettiness}",
      journal        = "JHEP",
      volume         = "1103",
      pages          = "015",
      doi            = "10.1007/JHEP03(2011)015",
      year           = "2011",
      eprint         = "1011.2268",
      archivePrefix  = "arXiv",
      primaryClass   = "hep-ph",
      reportNumber   = "MIT-CTP-4191",
      SLACcitation   = "%%CITATION = ARXIV:1011.2268;%%",
}

@article{Cui:2010km,
      author         = "Cui, Yanou and Han, Zhenyu and Schwartz, Matthew D.",
      title          = "{W-jet Tagging: Optimizing the Identification of Boosted
                        Hadronically-Decaying W Bosons}",
      journal        = "Phys.Rev.",
      volume         = "D83",
      pages          = "074023",
      doi            = "10.1103/PhysRevD.83.074023",
      year           = "2011",
      eprint         = "1012.2077",
      archivePrefix  = "arXiv",
      primaryClass   = "hep-ph",
      SLACcitation   = "%%CITATION = ARXIV:1012.2077;%%",
}

@article{Thaler:2008ju,
      author         = "Thaler, Jesse and Wang, Lian-Tao",
      title          = "{Strategies to Identify Boosted Tops}",
      journal        = "JHEP",
      volume         = "0807",
      pages          = "092",
      doi            = "10.1088/1126-6708/2008/07/092",
      year           = "2008",
      note           = "27 pages, 14 figures/ v2: references added",
      eprint         = "0806.0023",
      archivePrefix  = "arXiv",
      primaryClass   = "hep-ph",
      SLACcitation   = "%%CITATION = ARXIV:0806.0023;%%",
}

@article{Kaplan:2008ie,
      author         = "Kaplan, David E. and Rehermann, Keith and Schwartz,
                        Matthew D. and Tweedie, Brock",
      title          = "{Top Tagging: A Method for Identifying Boosted
                        Hadronically Decaying Top Quarks}",
      journal        = "Phys.Rev.Lett.",
      volume         = "101",
      pages          = "142001",
      doi            = "10.1103/PhysRevLett.101.142001",
      year           = "2008",
      eprint         = "0806.0848",
      archivePrefix  = "arXiv",
      primaryClass   = "hep-ph",
      SLACcitation   = "%%CITATION = ARXIV:0806.0848;%%",
}

@article{Almeida:2008tp,
      author         = "Almeida, Leandro G. and Lee, Seung J. and Perez, Gilad
                        and Sung, Ilmo and Virzi, Joseph",
      title          = "{Top Jets at the LHC}",
      journal        = "Phys.Rev.",
      volume         = "D79",
      pages          = "074012",
      doi            = "10.1103/PhysRevD.79.074012",
      year           = "2009",
      eprint         = "0810.0934",
      archivePrefix  = "arXiv",
      primaryClass   = "hep-ph",
      reportNumber   = "YITP-SB-08-37, WIS-17-08-SEPT-DPP",
      SLACcitation   = "%%CITATION = ARXIV:0810.0934;%%",
}

@article{Krohn:2009wm,
      author         = "Krohn, David and Shelton, Jessie and Wang, Lian-Tao",
      title          = "{Measuring the Polarization of Boosted Hadronic Tops}",
      journal        = "JHEP",
      volume         = "1007",
      pages          = "041",
      doi            = "10.1007/JHEP07(2010)041",
      year           = "2010",
      eprint         = "0909.3855",
      archivePrefix  = "arXiv",
      primaryClass   = "hep-ph",
      SLACcitation   = "%%CITATION = ARXIV:0909.3855;%%",
}

@article{Chekanov:2010vc,
      author         = "Chekanov, S. and Proudfoot, J.",
      title          = "{Searches for TeV-scale particles at the LHC using jet
                        shapes}",
      journal        = "Phys.Rev.",
      volume         = "D81",
      pages          = "114038",
      doi            = "10.1103/PhysRevD.81.114038",
      year           = "2010",
      eprint         = "1002.3982",
      archivePrefix  = "arXiv",
      primaryClass   = "hep-ph",
      reportNumber   = "ANL-HEP-PR-10-2",
      SLACcitation   = "%%CITATION = ARXIV:1002.3982;%%",
}

@article{Plehn:2010st,
      author         = "Plehn, Tilman and Spannowsky, Michael and Takeuchi,
                        Michihisa and Zerwas, Dirk",
      title          = "{Stop Reconstruction with Tagged Tops}",
      journal        = "JHEP",
      volume         = "1010",
      pages          = "078",
      doi            = "10.1007/JHEP10(2010)078",
      year           = "2010",
      eprint         = "1006.2833",
      archivePrefix  = "arXiv",
      primaryClass   = "hep-ph",
      SLACcitation   = "%%CITATION = ARXIV:1006.2833;%%",
}

@article{Bhattacherjee:2010za,
      author         = "Bhattacherjee, Biplob and Guchait, Manoranjan and
                        Raychaudhuri, Sreerup and Sridhar, K.",
      title          = "{Boosted Top Quark Signals for Heavy Vector Boson
                        Excitations in a Universal Extra Dimension Model}",
      journal        = "Phys.Rev.",
      volume         = "D82",
      pages          = "055006",
      doi            = "10.1103/PhysRevD.82.055006",
      year           = "2010",
      eprint         = "1006.3213",
      archivePrefix  = "arXiv",
      primaryClass   = "hep-ph",
      reportNumber   = "TIFR-TH-10-16",
      SLACcitation   = "%%CITATION = ARXIV:1006.3213;%%",
}

@article{Rehermann:2010vq,
      author         = "Rehermann, Keith and Tweedie, Brock",
      title          = "{Efficient Identification of Boosted Semileptonic Top
                        Quarks at the LHC}",
      journal        = "JHEP",
      volume         = "1103",
      pages          = "059",
      doi            = "10.1007/JHEP03(2011)059",
      year           = "2011",
      eprint         = "1007.2221",
      archivePrefix  = "arXiv",
      primaryClass   = "hep-ph",
      SLACcitation   = "%%CITATION = ARXIV:1007.2221;%%",
}

@article{Chekanov:2010gv,
      author         = "Chekanov, S. and Levy, C. and Proudfoot, J. and Yoshida,
                        R.",
      title          = "{New approach for jet-shape identification of TeV-scale
                        particles at the LHC}",
      journal        = "Phys.Rev.",
      volume         = "D82",
      pages          = "094029",
      doi            = "10.1103/PhysRevD.82.094029",
      year           = "2010",
      eprint         = "1009.2749",
      archivePrefix  = "arXiv",
      primaryClass   = "hep-ph",
      reportNumber   = "ANL-HEP-PR-10-47",
      SLACcitation   = "%%CITATION = ARXIV:1009.2749;%%",
}

@article{Hoche:2010kg,
      author         = "Hoche, Stefan and Krauss, Frank and Schonherr, Marek and
                        Siegert, Frank",
      title          = "{NLO matrix elements and truncated showers}",
      journal        = "JHEP",
      volume         = "08",
      year           = "2011",
      pages          = "123",
      doi            = "10.1007/JHEP08(2011)123",
      eprint         = "1009.1127",
      archivePrefix  = "arXiv",
      primaryClass   = "hep-ph",
      reportNumber   = "ZU-TH-13-10, IPPP-10-73, DCPT-10-146,
                        CERN-PH-TH-2010-195, MCNET-10-17",
      SLACcitation   = "%%CITATION = ARXIV:1009.1127;%%"
}

@article{Butterworth:1287902,
      author        = "Butterworth, J and Dobson, E and Klein, U and Mellado
                       Garcia, B and Nunnemann, T and Qian, J and Rebuzzi, D and
                       Tanaka, R",
      title         = "{Single Boson and Diboson Production Cross Sections in pp
                       Collisions at sqrts=7 TeV}",
      journal        = "ATL-COM-PHYS-2010-695",
      year          = "2010",
      url           = "https://cds.cern.ch/record/1287902",
}

@article{Butterworth:2008iy,
      author         = "Butterworth, Jonathan M. and Davison, Adam R. and Rubin,
                        Mathieu and Salam, Gavin P.",
      title          = "{Jet substructure as a new Higgs search channel at the
                        LHC}",
      journal        = "Phys.Rev.Lett.",
      volume         = "100",
      pages          = "242001",
      doi            = "10.1103/PhysRevLett.100.242001",
      year           = "2008",
      eprint         = "0802.2470",
      archivePrefix  = "arXiv",
      primaryClass   = "hep-ph",
      SLACcitation   = "%%CITATION = ARXIV:0802.2470;%%",
}
@article{areasub,
      author         = "Cacciari, Matteo and Salam, Gavin P.",
      title          = "{Pileup subtraction using jet areas}",
      journal        = "Physics Letters B",
      volume         = "659",
      pages          = "119--126",
      doi            = "10.1016/j.physletb.2007.09.077",
      year           = "2008",
      eprint         = "0707.1378",
      archivePrefix  = "arXiv",
      primaryClass   = "hep-ph",
      SLACcitation   = "%%CITATION = ARXIV:0707.1378;%%",
}


@article{Plehn:2009rk,
      author         = "Plehn, Tilman and Salam, Gavin P. and Spannowsky,
                        Michael",
      title          = "{Fat Jets for a Light Higgs}",
      journal        = "Phys.Rev.Lett.",
      volume         = "104",
      pages          = "111801",
      doi            = "10.1103/PhysRevLett.104.111801",
      year           = "2010",
      eprint         = "0910.5472",
      archivePrefix  = "arXiv",
      primaryClass   = "hep-ph",
      reportNumber   = "KA-TP-12-2009",
      SLACcitation   = "%%CITATION = ARXIV:0910.5472;%%",
}

@article{Kribs:2009yh,
      author         = "Kribs, Graham D. and Martin, Adam and Roy, Tuhin S. and
                        Spannowsky, Michael",
      title          = "{Discovering the Higgs Boson in New Physics Events using
                        Jet Substructure}",
      journal        = "Phys.Rev.",
      volume         = "D81",
      pages          = "111501",
      doi            = "10.1103/PhysRevD.81.111501",
      year           = "2010",
      eprint         = "0912.4731",
      archivePrefix  = "arXiv",
      primaryClass   = "hep-ph",
      reportNumber   = "FERMILAB-PUB-09-639-T",
      SLACcitation   = "%%CITATION = ARXIV:0912.4731;%%",
}

@article{Soper:2010xk,
      author         = "Soper, Davison E. and Spannowsky, Michael",
      title          = "{Combining subjet algorithms to enhance ZH detection at
                        the LHC}",
      journal        = "JHEP",
      volume         = "1008",
      pages          = "029",
      doi            = "10.1007/JHEP08(2010)029",
      year           = "2010",
      eprint         = "1005.0417",
      archivePrefix  = "arXiv",
      primaryClass   = "hep-ph",
      SLACcitation   = "%%CITATION = ARXIV:1005.0417;%%",
}

@article{Chen:2010wk,
      author         = "Chen, Chuan-Ren and Nojiri, Mihoko M. and Sreethawong,
                        Warintorn",
      title          = "{Search for the Elusive Higgs Boson Using Jet Structure
                        at LHC}",
      journal        = "JHEP",
      volume         = "1011",
      pages          = "012",
      doi            = "10.1007/JHEP11(2010)012",
      year           = "2010",
      eprint         = "1006.1151",
      archivePrefix  = "arXiv",
      primaryClass   = "hep-ph",
      reportNumber   = "KEK-TH-1369, IPMU-10-0091",
      SLACcitation   = "%%CITATION = ARXIV:1006.1151;%%",
}

@article{Falkowski:2010hi,
      author         = "Falkowski, Adam and Krohn, David and Wang, Lian-Tao and
                        Shelton, Jessie and Thalapillil, Arun",
      title          = "{Unburied Higgs boson: Jet substructure techniques for
                        searching for Higgs' decay into gluons}",
      journal        = "Phys.Rev.",
      volume         = "D84",
      pages          = "074022",
      doi            = "10.1103/PhysRevD.84.074022",
      year           = "2011",
      eprint         = "1006.1650",
      archivePrefix  = "arXiv",
      primaryClass   = "hep-ph",
      SLACcitation   = "%%CITATION = ARXIV:1006.1650;%%",
}

@article{Kribs:2010hp,
      author         = "Kribs, Graham D. and Martin, Adam and Roy, Tuhin S. and
                        Spannowsky, Michael",
      title          = "{Discovering Higgs Bosons of the MSSM using Jet
                        Substructure}",
      journal        = "Phys.Rev.",
      volume         = "D82",
      pages          = "095012",
      doi            = "10.1103/PhysRevD.82.095012",
      year           = "2010",
      eprint         = "1006.1656",
      archivePrefix  = "arXiv",
      primaryClass   = "hep-ph",
      reportNumber   = "FERMILAB-PUB-10-190-T",
      SLACcitation   = "%%CITATION = ARXIV:1006.1656;%%",
}

@article{Almeida:2010pa,
      author         = "Almeida, Leandro G. and Lee, Seung J. and Perez, Gilad
                        and Sterman, George and Sung, Ilmo",
      title          = "{Template Overlap Method for Massive Jets}",
      journal        = "Phys.Rev.",
      volume         = "D82",
      pages          = "054034",
      doi            = "10.1103/PhysRevD.82.054034",
      year           = "2010",
      eprint         = "1006.2035",
      archivePrefix  = "arXiv",
      primaryClass   = "hep-ph",
      reportNumber   = "YITP-SB-10-21",
      SLACcitation   = "%%CITATION = ARXIV:1006.2035;%%",
}

@article{Katz:2010iq,
      author         = "Katz, Andrey and Son, Minho and Tweedie, Brock",
      title          = "{Ditau-Jet Tagging and Boosted Higgses from a Multi-TeV
                        Resonance}",
      journal        = "Phys.Rev.",
      volume         = "D83",
      pages          = "114033",
      doi            = "10.1103/PhysRevD.83.114033",
      year           = "2011",
      eprint         = "1011.4523",
      archivePrefix  = "arXiv",
      primaryClass   = "hep-ph",
      reportNumber   = "UMD-PP-10-018",
      SLACcitation   = "%%CITATION = ARXIV:1011.4523;%%",
}

@article{Kim:2010uj,
      author         = "Kim, Ji-Hun",
      title          = "{Rest Frame Subjet Algorithm With SISCone Jet For Fully
                        Hadronic Decaying Higgs Search}",
      journal        = "Phys.Rev.",
      volume         = "D83",
      pages          = "011502",
      doi            = "10.1103/PhysRevD.83.011502",
      year           = "2011",
      eprint         = "1011.1493",
      archivePrefix  = "arXiv",
      primaryClass   = "hep-ph",
      SLACcitation   = "%%CITATION = ARXIV:1011.1493;%%",
}

@article{Abdesselam:2010pt,
      author         = "Abdesselam, A. and Kuutmann, E. Bergeaas and Bitenc, U.
                        and Brooijmans, G. and Butterworth, J. and others",
      title          = "{Boosted objects: A Probe of beyond the Standard Model
                        physics}",
      journal        = "Eur.Phys.J.",
      volume         = "C71",
      pages          = "1661",
      doi            = "10.1140/epjc/s10052-011-1661-y",
      year           = "2011",
      eprint         = "1012.5412",
      archivePrefix  = "arXiv",
      primaryClass   = "hep-ph",
      reportNumber   = "FERMILAB-PUB-10-617-CMS",
      SLACcitation   = "%%CITATION = ARXIV:1012.5412;%%",
}

@article{Krohn:2009th,
      author         = "Krohn, David and Thaler, Jesse and Wang, Lian-Tao",
      title          = "{Jet Trimming}",
      journal        = "JHEP",
      volume         = "1002",
      pages          = "084",
      doi            = "10.1007/JHEP02(2010)084",
      year           = "2010",
      eprint         = "0912.1342",
      archivePrefix  = "arXiv",
      primaryClass   = "hep-ph",
      SLACcitation   = "%%CITATION = ARXIV:0912.1342;%%",
}

@article{Cacciari:2008gp,
      author         = "Cacciari, Matteo and Salam, Gavin P. and Soyez, Gregory",
      title          = "{The Anti-k(t) jet clustering algorithm}",
      journal        = "JHEP",
      volume         = "0804",
      pages          = "063",
      doi            = "10.1088/1126-6708/2008/04/063",
      year           = "2008",
      eprint         = "0802.1189",
      archivePrefix  = "arXiv",
      primaryClass   = "hep-ph",
      reportNumber   = "LPTHE-07-03",
      SLACcitation   = "%%CITATION = ARXIV:0802.1189;%%",
}

@article{Cacciari:2005hq,
      author         = "Cacciari, Matteo and Salam, Gavin P.",
      title          = "{Dispelling the $N^{3}$ myth for the $k_t$ jet-finder}",
      journal        = "Phys.Lett.",
      volume         = "B641",
      pages          = "57-61",
      doi            = "10.1016/j.physletb.2006.08.037",
      year           = "2006",
      eprint         = "hep-ph/0512210",
      archivePrefix  = "arXiv",
      primaryClass   = "hep-ph",
      reportNumber   = "LPTHE-05-32",
      SLACcitation   = "%%CITATION = HEP-PH/0512210;%%",
}

@article{Brandt:1964sa,
      author         = "Brandt, S. and Peyrou, C. and Sosnowski, R. and
                        Wroblewski, A.",
      title          = "{The Principal axis of jets. An Attempt to analyze
                        high-energy collisions as two-body processes}",
      journal        = "Phys.Lett.",
      volume         = "12",
      pages          = "57-61",
      year           = "1964",
      SLACcitation   = "%%CITATION = PHLTA,12,57;%%",
}

@article{Farhi:1977sg,
      author         = "Farhi, Edward",
      title          = "{A QCD Test for Jets}",
      journal        = "Phys.Rev.Lett.",
      volume         = "39",
      pages          = "1587-1588",
      doi            = "10.1103/PhysRevLett.39.1587",
      year           = "1977",
      reportNumber   = "HUTP-77-A059",
      SLACcitation   = "%%CITATION = PRLTA,39,1587;%%",
}

@article{Bjorken:1969wi,
      author         = "Bjorken, J.D. and Brodsky, Stanley J.",
      title          = "{Statistical Model for electron-Positron Annihilation
                        Into Hadrons}",
      journal        = "Phys.Rev.",
      volume         = "D1",
      pages          = "1416-1420",
      doi            = "10.1103/PhysRevD.1.1416",
      year           = "1970",
      reportNumber   = "SLAC-PUB-0662",
      SLACcitation   = "%%CITATION = PHRVA,D1,1416;%%",
}

@article{Fox:1978vw,
      author         = "Fox, Geoffrey C. and Wolfram, Stephen",
      title          = "{Event Shapes in e+ e- Annihilation}",
      journal        = "Nucl.Phys.",
      volume         = "B149",
      pages          = "413",
      doi            = "10.1016/0550-3213(79)90003-8,
                        10.1016/0550-3213(79)90003-8",
      year           = "1979",
      note           = "A summary of parts of this work is contained in
                        Observables for the Analysis of... CALT-68-680, Aug 1978",
      reportNumber   = "CALT-68-678",
      SLACcitation   = "%%CITATION = NUPHA,B149,413;%%",
}

@Article{Aad:2008zzm,
     author    = "Aad, G. and others",
     collaboration = "ATLAS",
     title     = "{The ATLAS Experiment at the CERN Large Hadron Collider}",
     journal   = "JINST",
     volume    = "3",
     year      = "2008",
     pages     = "S08003",
     doi       = "10.1088/1748-0221/3/08/S08003",
     SLACcitation  = "%%CITATION = JINST,3,S08003;%%"
}

@article{Aad:2011he,
      author         = "Aad, Georges and others",
      title          = "{Jet energy measurement with the ATLAS detector in
                        proton-proton collisions at sqrt(s) = 7 TeV}",
      collaboration  = "ATLAS Collaboration",
      year           = "2011",
      eprint         = "1112.6426",
      archivePrefix  = "arXiv",
      primaryClass   = "hep-ex",
      reportNumber   = "CERN-PH-EP-2011-191",
      SLACcitation   = "%%CITATION = ARXIV:1112.6426;%%",
}

@article{Aad:2012ef,
      author         = "Aad, Georges and others",
      title          = "{Jet mass and substructure of inclusive jets in sqrt(s) =
                        7 TeV pp collisions with the ATLAS experiment}",
      collaboration  = "ATLAS Collaboration",
      year           = "2012",
      eprint         = "1203.4606",
      archivePrefix  = "arXiv",
      primaryClass   = "hep-ex",
      reportNumber   = "CERN-PH-EP-2012-031",
      SLACcitation   = "%%CITATION = ARXIV:1203.4606;%%",
}



@article{babar_book,
      author         = "Harrison, P.~F. and Quinn, H.~R. and {\it et al.}",
      title          = "{BaBar Physics Book}",
      journal        = "SLAC-R504",
      volume         = "",
      pages          = "",
      doi            = "",
      year           = "1998",
      eprint         = "",
      archivePrefix  = "",
      primaryClass   = "",
      SLACcitation   = "%%CITATION = ARXIV:0912.1342;%%",
}

@article{jetshape_atlas,
      author         = "Aad, Georges and others",
      title          = "{ATLAS measurements of the properties of jets for boosted
                        particle searches}",
      collaboration  = "ATLAS Collaboration",
      year           = "2012",
      eprint         = "1206.5369",
      archivePrefix  = "arXiv",
      primaryClass   = "hep-ex",
      reportNumber   = "CERN-PH-EP-2012-149",
      SLACcitation   = "%%CITATION = ARXIV:1206.5369;%%",
}

@article{Aliev:2010zk,
      author         = "Aliev, M. and Lacker, H. and Langenfeld, U. and Moch, S.
                        and Uwer, P. and others",
      title          = "{HATHOR: Hadronic Top and Heavy quarks cross section
                        calculator}",
      journal        = "Comput.Phys.Commun.",
      volume         = "182",
      pages          = "1034-1046",
      doi            = "10.1016/j.cpc.2010.12.040",
      year           = "2011",
      eprint         = "1007.1327",
      archivePrefix  = "arXiv",
      primaryClass   = "hep-ph",
      reportNumber   = "DESY-10-091, HU-EP-10-33, SFB-CPP-10-60",
      SLACcitation   = "%%CITATION = ARXIV:1007.1327;%%",
}

@article{Beringer:1900zz,
      author         = "Beringer, J. and others",
      title          = "{Review of Particle Physics (RPP)}",
      collaboration  = "Particle Data Group",
      journal        = "Phys.Rev.",
      volume         = "D86",
      pages          = "010001",
      doi            = "10.1103/PhysRevD.86.010001",
      year           = "2012",
      SLACcitation   = "%%CITATION = PHRVA,D86,010001;%%",
}

@article{Sjostrand:2006za,
      author         = "Sjostrand, Torbjorn and Mrenna, Stephen and Skands, Peter
                        Z.",
      title          = "{PYTHIA 6.4 Physics and Manual}",
      journal        = "JHEP",
      volume         = "0605",
      pages          = "026",
      doi            = "10.1088/1126-6708/2006/05/026",
      year           = "2006",
      eprint         = "hep-ph/0603175",
      archivePrefix  = "arXiv",
      primaryClass   = "hep-ph",
      reportNumber   = "FERMILAB-PUB-06-052-CD-T, LU-TP-06-13",
      SLACcitation   = "%%CITATION = HEP-PH/0603175;%%",
}

@article{Sjostrand:2008vc,
      author         = "Sjostrand, Torbjorn",
      title          = "{PYTHIA 8 Status Report}",
      pages          = "726-732",
      year           = "2008",
      eprint         = "0809.0303",
      archivePrefix  = "arXiv",
      primaryClass   = "hep-ph",
      reportNumber   = "LU-TP-08-17, MCNET-08-09",
      SLACcitation   = "%%CITATION = ARXIV:0809.0303;%%",
}

@article{Stump:2003yu,
	author         = "Stump, Daniel and Huston, Joey and Pumplin, Jon and Tung,
	Wu-Ki and Lai, H. L. and Kuhlmann, Steve and Owens, J. F.",
	title          = "{Inclusive jet production, parton distributions, and the
	search for new physics}",
	journal        = "JHEP",
	volume         = "10",
	year           = "2003",
	pages          = "046",
	doi            = "10.1088/1126-6708/2003/10/046",
	eprint         = "hep-ph/0303013",
	archivePrefix  = "arXiv",
	primaryClass   = "hep-ph",
	reportNumber   = "MSU-HEP-030303",
	SLACcitation   = "%%CITATION = HEP-PH/0303013;%%"
}
@article{Pumplin:2002vw,
      author         = "Pumplin, J. and Stump, D.R. and Huston, J. and Lai, H.L.
                        and Nadolsky, Pavel M. and others",
      title          = "{New generation of parton distributions with
                        uncertainties from global QCD analysis}",
      journal        = "JHEP",
      volume         = "0207",
      pages          = "012",
      year           = "2002",
      eprint         = "hep-ph/0201195",
      archivePrefix  = "arXiv",
      primaryClass   = "hep-ph",
      reportNumber   = "MSU-HEP-011101",
      SLACcitation   = "%%CITATION = HEP-PH/0201195;%%",
}

@article{Sjostrand:2007gs,
      author         = "Sjostrand, Torbjorn and Mrenna, Stephen and Skands, Peter
                        Z.",
      title          = "{A Brief Introduction to PYTHIA 8.1}",
      journal        = "Comput. Phys. Commun.",
      volume         = "178",
      year           = "2008",
      pages          = "852-867",
      doi            = "10.1016/j.cpc.2008.01.036",
      eprint         = "0710.3820",
      archivePrefix  = "arXiv",
      primaryClass   = "hep-ph",
      reportNumber   = "CERN-LCGAPP-2007-04, LU-TP-07-28,
                        FERMILAB-PUB-07-512-CD-T",
      SLACcitation   = "%%CITATION = ARXIV:0710.3820;%%"
}

@Article{ATL-PHYS-PUB-2014-005,
      title         = "{Comparison of Monte Carlo generator predictions for gap
                       fraction and jet multiplicity observables in top-antitop
                       events}",
      collaboration   = "ATLAS",
      address       = "Geneva",
      journal        = "ATL-PHYS-PUB-2014-005",
      month         = "May",
      year          = "2014",
      reportNumber  = "ATL-PHYS-PUB-2014-005",
      url           = "https://cds.cern.ch/record/1703034",
}

@article{Sherstnev:2007nd,
      author         = "Sherstnev, A. and Thorne, R.S.",
      title          = "{Parton Distributions for LO Generators}",
      journal        = "Eur.Phys.J.",
      volume         = "C55",
      pages          = "553-575",
      doi            = "10.1140/epjc/s10052-008-0610-x",
      year           = "2008",
      eprint         = "0711.2473",
      archivePrefix  = "arXiv",
      primaryClass   = "hep-ph",
      reportNumber   = "CAVENDISH-HEP-2007-12",
      SLACcitation   = "%%CITATION = ARXIV:0711.2473;%%",
}

@article{Skands:2010ak,
      author         = "Skands, Peter Zeiler",
      title          = "{Tuning Monte Carlo Generators: The Perugia Tunes}",
      journal        = "Phys.Rev.",
      volume         = "D82",
      pages          = "074018",
      doi            = "10.1103/PhysRevD.82.074018",
      year           = "2010",
      eprint         = "1005.3457",
      archivePrefix  = "arXiv",
      primaryClass   = "hep-ph",
      reportNumber   = "MCNET-10-08, CERN-PH-TH-2010-113",
      SLACcitation   = "%%CITATION = ARXIV:1005.3457;%%",
}

@article{Aad:2010ac,
      author         = "Aad, G. and others",
      title          = "{Charged-particle multiplicities in pp interactions
                        measured with the ATLAS detector at the LHC}",
      collaboration  = "ATLAS Collaboration",
      journal        = "New J.Phys.",
      volume         = "13",
      pages          = "053033",
      doi            = "10.1088/1367-2630/13/5/053033",
      year           = "2011",
      eprint         = "1012.5104",
      archivePrefix  = "arXiv",
      primaryClass   = "hep-ex",
      SLACcitation   = "%%CITATION = ARXIV:1012.5104;%%",
}



@article{ATLAS:2011amb,
      collaboration  = "ATLAS Collaboration",
      key            = "1196924",
      title          = "{Further ATLAS tunes of PYTHIA6 and Pythia 8}",
      year           = "2011",
      reportNumber   = "ATL-PHYS-PUB-2011-014, ATL-COM-PHYS-2011-1507",
      SLACcitation   = "%%CITATION = ATL-PHYS-PUB-2011-014 ETC.;%%",
}

@article{Bahr:2008pv,
      author         = "Bahr, M. and Gieseke, S. and Gigg, M.A. and Grellscheid,
                        D. and Hamilton, K. and others",
      title          = "{Herwig++ Physics and Manual}",
      journal        = "Eur.Phys.J.",
      volume         = "C58",
      pages          = "639-707",
      doi            = "10.1140/epjc/s10052-008-0798-9",
      year           = "2008",
      eprint         = "0803.0883",
      archivePrefix  = "arXiv",
      primaryClass   = "hep-ph",
      reportNumber   = "CERN-PH-TH-2008-038, CAVENDISH-HEP-08-03, KA-TP-05-2008,
                        DCPT-08-22, IPPP-08-11, CP3-08-05",
      SLACcitation   = "%%CITATION = ARXIV:0803.0883;%%",
}

@article{Alioli:2010xd,
      author         = "Alioli, Simone and Nason, Paolo and Oleari, Carlo and Re,
                        Emanuele",
      title          = "{A general framework for implementing NLO calculations in
                        shower Monte Carlo programs: the POWHEG BOX}",
      journal        = "JHEP",
      volume         = "1006",
      pages          = "043",
      doi            = "10.1007/JHEP06(2010)043",
      year           = "2010",
      eprint         = "1002.2581",
      archivePrefix  = "arXiv",
      primaryClass   = "hep-ph",
      reportNumber   = "DESY-10-018, SFB-CPP-10-22, IPPP-10-11, DCPT-10-22",
      SLACcitation   = "%%CITATION = ARXIV:1002.2581;%%",
}

@article{Frixione:2002ik,
      author         = "Frixione, Stefano and Webber, Bryan R.",
      title          = "{Matching NLO QCD computations and parton shower
                        simulations}",
      journal        = "JHEP",
      volume         = "0206",
      pages          = "029",
      year           = "2002",
      eprint         = "hep-ph/0204244",
      archivePrefix  = "arXiv",
      primaryClass   = "hep-ph",
      reportNumber   = "CAVENDISH-HEP-02-01, LAPTH-905-02, GEF-TH-2-2002",
      SLACcitation   = "%%CITATION = HEP-PH/0204244;%%",
}
@article{Gao:2013xoa,
	author         = "Gao, Jun and Guzzi, Marco and Huston, Joey and Lai,
	Hung-Liang and Li, Zhao and Nadolsky, Pavel and Pumplin,
	Jon and Stump, Daniel and Yuan, C. -P.",
	title          = "{CT10 next-to-next-to-leading order global analysis of
	QCD}",
	journal        = "Phys. Rev.",
	volume         = "D89",
	year           = "2014",
	number         = "3",
	pages          = "033009",
	doi            = "10.1103/PhysRevD.89.033009",
	eprint         = "1302.6246",
	archivePrefix  = "arXiv",
	primaryClass   = "hep-ph",
	reportNumber   = "SMU-HEP-12-23",
	SLACcitation   = "%%CITATION = ARXIV:1302.6246;%%"
}
@article{Alwall:2014hca,
	author         = "Alwall, J. and Frederix, R. and Frixione, S. and Hirschi,
	V. and Maltoni, F. and Mattelaer, O. and Shao, H. -S. and
	Stelzer, T. and Torrielli, P. and Zaro, M.",
	title          = "{The automated computation of tree-level and
	next-to-leading order differential cross sections, and
	their matching to parton shower simulations}",
	journal        = "JHEP",
	volume         = "07",
	year           = "2014",
	pages          = "079",
	doi            = "10.1007/JHEP07(2014)079",
	eprint         = "1405.0301",
	archivePrefix  = "arXiv",
	primaryClass   = "hep-ph",
	reportNumber   = "CERN-PH-TH-2014-064, CP3-14-18, LPN14-066, MCNET-14-09,
	ZU-TH-14-14",
	SLACcitation   = "%%CITATION = ARXIV:1405.0301;%%"
}
@inproceedings{Borodin:2015wqa,
	author         = "Borodin, Mikhail and De, Kaushik and Navarro, Jose Garcia
	and Golubkov, Dmitry and Klimentov, Alexei and Maeno,
	Tadashi and South, David and Vaniachine, Alexandre",
	title          = "{Unified System for Processing Real and Simulated Data in
	the ATLAS Experiment}",
	collaboration  = "ATLAS",
	year           = "2015",
	eprint         = "1508.07174",
	archivePrefix  = "arXiv",
	primaryClass   = "cs.DC",
	SLACcitation   = "%%CITATION = ARXIV:1508.07174;%%"
}
@article{Artoisenet:2012st,
	author         = "Artoisenet, Pierre and Frederix, Rikkert and Mattelaer,
	Olivier and Rietkerk, Robbert",
	title          = "{Automatic spin-entangled decays of heavy resonances in
	Monte Carlo simulations}",
	journal        = "JHEP",
	volume         = "03",
	year           = "2013",
	pages          = "015",
	doi            = "10.1007/JHEP03(2013)015",
	eprint         = "1212.3460",
	archivePrefix  = "arXiv",
	primaryClass   = "hep-ph",
	reportNumber   = "NIKHEF-2012-021, CERN-PH-TH-2012-329",
	SLACcitation   = "%%CITATION = ARXIV:1212.3460;%%"
}
@article{Frixione:2007vw,
      author         = "Frixione, Stefano and Nason, Paolo and Oleari, Carlo",
      title          = "{Matching NLO QCD computations with Parton Shower
                        simulations: the POWHEG method}",
      journal        = "JHEP",
      volume         = "11",
      year           = "2007",
      pages          = "070",
      doi            = "10.1088/1126-6708/2007/11/070",
      eprint         = "0709.2092",
      archivePrefix  = "arXiv",
      primaryClass   = "hep-ph",
      reportNumber   = "BICOCCA-FT-07-9, GEF-TH-21-2007",
      SLACcitation   = "%%CITATION = ARXIV:0709.2092;%%"
}
	
@article{Agostinelli:2002hh,
      author         = "Agostinelli, S. and others",
      title          = "{GEANT4: A Simulation toolkit}",
      collaboration  = "GEANT4",
      journal        = "Nucl.Instrum.Meth.",
      volume         = "A506",
      pages          = "250-303",
      doi            = "10.1016/S0168-9002(03)01368-8",
      year           = "2003",
      reportNumber   = "SLAC-PUB-9350, FERMILAB-PUB-03-339",
      SLACcitation   = "%%CITATION = NUIMA,A506,250;%%",
}

@Article{Aad:2010ah,
      author         = "Aad, G. and others",
      collaboration = "ATLAS",
      title          = "{The ATLAS Simulation Infrastructure}",
      journal        = "Eur.~Phys.~J.",
      volume         = "C70",
      pages          = "823-874",
      doi            = "10.1140/epjc/s10052-010-1429-9",
      year           = "2010",
      eprint         = "1005.4568",
      archivePrefix  = "arXiv",
      primaryClass   = "physics.ins-det",
      SLACcitation   = "%%CITATION = ARXIV:1005.4568;%%",
}

@article{xs_dibosons,
      author       = "Butterworth, J and Dobson, E and Klein, U and Mellado Garcia, B and Nunnemann, T and Qian, J and Rebuzzi, D and Tanaka, R",
      collaboration = "ATLAS",
      title        = "Single Boson and Diboson Production Cross Sections in pp
                      Collisions at sqrts=7 TeV",
      year         = "2010",
      journal      = "ATL-COM-PHYS-2010-695",
      url          = "http://cdsweb.cern.ch/record/1287902",
}

@misc{btagging,
    howpublished="",
        url="https://twiki.cern.ch/twiki/bin/viewauth/AtlasProtected/BtagAnalysis172Winter2013"
}

@article{Kidonakis:2012db,
      author         = "Kidonakis, Nikolaos",
      title          = "{Differential and total cross sections for top pair and
                        single top production}",
      pages          = "831-834",
      doi            = "10.3204/DESY-PROC-2012-02/251",
      year           = "2012",
      eprint         = "1205.3453",
      archivePrefix  = "arXiv",
      primaryClass   = "hep-ph",
      SLACcitation   = "%%CITATION = ARXIV:1205.3453;%%",
}

@article{ATLAS-CONF-2011-129,
      title         = "{An extrapolation to a larger fiducial volume of the
                       measurement of the $W\rightarrow \ell\nu$ charge asymmetry in
                       proton-proton collisions at $\sqrt{s}=7\,\TeV$ with the ATLAS
                       detector}",
      collaboration = "ATLAS",
      journal        = "ATLAS-CONF-2011-129",
      year          = "2011",
      url           = "https://cds.cern.ch/record/1383832",
}

@misc{AsgElectronLikelihoodTool,
      URL= "https://twiki.cern.ch/twiki/bin/view/AtlasProtected/EGammaIdentificationRun2#LH_electron_identification"
}

@InProceedings{Roostats,
  author         = "L.~Moneta and others",   
  title          = "{The RooStats Project}",
  booktitle      = "Proceedings of the 13th International Workshop on
                  Advanced Computing and Analysis Techniques in
                  Physics Research, ACAT2010",
  year = 	 {2010},
  eprint         = "1009.1003",
  archivePrefix  = "arXiv",
  series = 	 {Proceedings of Science},
}

@inproceedings{Conway:2011in,
      author         = "Conway, J. S.",
      title          = "{Incorporating Nuisance Parameters in Likelihoods for
                        Multisource Spectra}",
      booktitle      = "{Proceedings, PHYSTAT 2011 Workshop on Statistical Issues
                        Related to Discovery Claims in Search Experiments and
                        Unfolding, CERN,Geneva, Switzerland 17-20 January 2011}",
      url            = "https://inspirehep.net/record/891252/files/arXiv:1103.0354.pdf",
      year           = "2011",
      eprint         = "1103.0354",
      archivePrefix  = "arXiv",
      primaryClass   = "physics.data-an",
      SLACcitation   = "%%CITATION = ARXIV:1103.0354;%%"
}
@article{sherpa22_twiki,
	author         = "Gleisberg, T. and Hoeche, Stefan. and Krauss, F. and
	Schonherr, M. and Schumann, S. and Siegert, F. and Winter,
	J.",
	title          = "{Event generation with SHERPA 1.1}",
	journal        = "JHEP",
	volume         = "02",
	year           = "2009",
	pages          = "007",
	doi            = "10.1088/1126-6708/2009/02/007",
	eprint         = "0811.4622",
	archivePrefix  = "arXiv",
	primaryClass   = "hep-ph",
	reportNumber   = "FERMILAB-PUB-08-477-T, SLAC-PUB-13420, ZU-TH-17-08,
	DCPT-08-138, IPPP-08-69, EDINBURGH-2008-30, MCNET-08-14",
	SLACcitation   = "%%CITATION = ARXIV:0811.4622;%%"
}
@BOOKLET{cmstdr,
	title = {{CMS} {Physics} {TDR}: Volume {I} ({PTDR1}), {Detector} {Performace}
	and {Software}},
	year = {2 February 2006} # .
}

@BOOKLET{atlastdr,
	title = {{ATLAS} {Physics} {TDR}: Volume {I}, {Overview}, system and combined
	performance},
	year = {2 August 1999} # .
}

@BOOKLET{lhcbtdr,
	title = {{LHCb} : {Technical} {Proposal}},
	howpublished = {CERN-LHCC-98-004},
	year = {13 September 2011} # .
}

@BOOKLET{alicetdr,
	title = {{ALICE} {TRD} {Technical} {Design} {Report}},
	howpublished = {CERN/LHCC-2001-021},
	year = {03 October 2001} # .
}

@techreport{Bruschi:2025000,
	author        = "Bruschi, Marco",
	title         = "{The new ATLAS/LUCID detector}",
	institution   = "CERN",
	address       = "Geneva",
	number        = "ATL-FWD-PROC-2015-002",
	month         = "Jun",
	year          = "2015",
	reportNumber  = "ATL-FWD-PROC-2015-002",
	url           = "https://cds.cern.ch/record/2025000",
}
@article{ATLAS:2019pzw,
	author         = "The ATLAS collaboration",
	title          = "{Luminosity determination in $pp$ collisions at
	$\sqrt{s}=13$ TeV using the ATLAS detector at the LHC}",
	collaboration  = "ATLAS",
	year           = "2019",
	reportNumber   = "ATLAS-CONF-2019-021",
	SLACcitation   = "%%CITATION = ATLAS-CONF-2019-021;%%"
}
@online{LINAC4,
	author = {Letizia Diamante},
	title = {Key plans for the next two years of the LHC },
	date = {10 December, 2018},
	url = {https://home.cern/news/news/accelerators/key-plans-next-two-years-lhc},
}

@techreport{Shochet:1552953,
	author        = "Shochet, M and Tompkins, L and Cavaliere, V and Giannetti,
	P and Annovi, A and Volpi, G",
	title         = "{Fast TracKer (FTK) Technical Design Report}",
	number        = "CERN-LHCC-2013-007. ATLAS-TDR-021",
	month         = "Jun",
	year          = "2013",
	reportNumber  = "CERN-LHCC-2013-007",
	url           = "https://cds.cern.ch/record/1552953",
	note          = "ATLAS Fast Tracker Technical Design Report",
}
@article{McKee:2017ffv,
	author         = "McKee, Shawn",
	title          = "{Networking: the view from HEP}",
	booktitle      = "{Proceedings, 22nd International Conference on Computing
	in High Energy and Nuclear Physics (CHEP2016): San
	Francisco, CA, October 14-16, 2016}",
	journal        = "J. Phys. Conf. Ser.",
	volume         = "898",
	year           = "2017",
	number         = "2",
	pages          = "022001",
	doi            = "10.1088/1742-6596/898/2/022001",
	SLACcitation   = "%%CITATION = 00462,898,022001;%%"
}
@online{schedule,
	author = {CERN},
	title = {project-schedule},
	url = {https://project-hl-lhc-industry.web.cern.ch/content/project-schedule},
}

@inproceedings{Atlas:2019qfx,
	author         = "ATLAS and CMS Collaborations",
	title          = "{Report on the Physics at the HL-LHC and Perspectives for
	the HE-LHC}",
	booktitle      = "{HL/HE-LHC Physics Workshop: final jamboree Geneva, CERN,
	March 1, 2019}",
	collaboration  = "ATLAS, CMS",
	year           = "2019",
	eprint         = "1902.10229",
	archivePrefix  = "arXiv",
	primaryClass   = "hep-ex",
	reportNumber   = "CERN-LPCC-2019-01, CMS-FTR-19-001, ATL-PHYS-PUB-2019-006",
	SLACcitation   = "%%CITATION = ARXIV:1902.10229;%%"
}
@article{Schwienhorst:2016efd,
	author         = "Schwienhorst, R.",
	title          = "{The Phase-1 upgrade of the ATLAS first level calorimeter
	trigger}",
	booktitle      = "{Proceedings, Topical Workshop on Electronics for
	Particle Physics (TWEPP15): Lisbon, Portugal, September 28
	- October 02, 2015}",
	collaboration  = "ATLAS",
	journal        = "JINST",
	volume         = "11",
	year           = "2016",
	number         = "01",
	pages          = "C01018",
	doi            = "10.1088/1748-0221/11/01/C01018",
	SLACcitation   = "%%CITATION = JINST,11,C01018;%%"
}
@article{hww_run1_paper,
      author         = "Aad, Georges and others",
      title          = "{Search for a high-mass Higgs boson decaying to a $W$
                        boson pair in $pp$ collisions at $\sqrt{s} = 8$ TeV with
                        the ATLAS detector}",
      collaboration  = "ATLAS",
      journal        = "JHEP",
      volume         = "01",
      year           = "2016",
      pages          = "032",
      doi            = "10.1007/JHEP01(2016)032",
      eprint         = "1509.00389",
      archivePrefix  = "arXiv",
      primaryClass   = "hep-ex",
      reportNumber   = "CERN-PH-EP-2015-185",
      SLACcitation   = "%%CITATION = ARXIV:1509.00389;%%"
}